1882 3052
128 199 183 254 '166
288 200 317 255 Ρ.
336 199 521 255 VIRGILll
543 199 660 272 Mauo

130 305 276 374 Coniugis,
286 309 316 358 et
323 318 433 372 sparsos
443 303 567 357 fraterna
576 303 659 355 caede

131 372 214 426 Solus
223 375 269 427 hic
278 374 388 426 inflexit
396 388 506 437 sensus,
517 375 663 438 animumqi

128 443 257 510 Impulit3
272 457 391 511 agnosco
402 445 505 495 veteris
513 443 631 510 vestigia
642 441 661 492 ss

129 511 184 564 Sed
196 510 263 563 mihi
272 513 315 564 vel
326 511 411 563 tellus
421 517 515 577 optem
526 515 602 579 prius
613 512 663 561 inm

85 580 119 631 sb
127 580 181 633 Vel
190 581 275 633 Pater
286 583 461 647 omnipotens
472 582 568 648 adigat
578 594 622 631 me
633 579 663 630 iu

543 652 617 711 bras,

37 772 44 793 ,Ι
127 715 269 771 Pallentes
280 720 392 771 umbras
403 719 488 770 Er'ebi
498 725 663 786 noctemque

126 791 211 850 Ante,
222 787 328 851 Pudor,
339 804 422 856 quam
432 793 460 840 te
471 789 558 851 viole,
570 793 619 839 aut
628 795 663 838 tu:

126 855 178 908 llle
189 872 278 920 meos,
290 861 396 924 primus
407 860 452 926 qui
465 874 508 909 me
520 860 571 910 sibi
582 858 659 907 iunxi

127 925 263 990 Abstulit3
276 928 325 979 ille
335 926 436 979 habeat
446 943 548 989 seeum,
558 932 663 991 servetq

84 996 119 1046 30
129 993 174 1046 Sic
185 994 281 1063 effata,
292 998 381 1047 sinum
393 996 514 1047 lacrimis
524 995 649 1061 implevit
660 1013 663 1040 t

162 1065 241 1116 Anna
250 1064 351 1118 refert:
367 1065 462 1116 Oluce
473 1066 561 1132 magis
573 1065 663 1115 dilecta

127 1131 231 1184 Solane
241 1140 376 1199 perpetua
386 1149 513 1185 moerens
524 1148 638 1200 carpere
648 1135 663 1182 ir

126 1201 185 1254 Nec
195 1199 290 1253 dulces
301 1208 395 1265 natos,
405 1202 521 1255 Veneris
532 1219 582 1255 nec
594 1217 663 1267 prae:

127 1271 159 1322 lu
169 1271 288 1324 cinerem
300 1278 349 1322 aut
359 1272 456 1324 Manes
468 1273 557 1323 credis
569 1286 663 1323 curare

84 1339 118 1391 55
126 1342 208 1392 Esto:
223 1355 336 1408 aegram
346 1341 416 1391 nulli
427 1342 565 1408 quondam
577 1340 664 1392 llexer

126 1409 189 1461 Non
198 1409 318 1476 Libyae,
328 1425 383 1461 non
395 1417 459 1462 ante
470 1413 560 1477 Tyr03
576 1411 660 1476 despe

126 1479 322 1547 Ductoresque
332 1479 393 1543 alii,
405 1495 474 1548 quos
485 1481 579 1532 Africa
587 1486 663 1531 terra

125 1547 212 1600 Dives
222 1549 284 1599 alit:
297 1548 436 1615 placitone
446 1551 530 1600 etlam
542 1550 662 1617 pugnabi

125 1617 185 1670 Nec
194 1619 270 1670 venit
279 1619 307 1668 in
319 1625 452 1680 mentem,
463 1634 580 1685 quorum
593 1633 663 1669 cons<

82 1683 199 1739 40Hinc
207 1686 345 1739 Gaetulae
354 1689 450 1749 urbes,
460 1702 547 1754 genus
557 1689 663 1752 insuper

124 1758 162 1808 Et
172 1756 307 1808 Numidae
317 1757 419 1808 infreni
430 1758 556 1824 cingunt,
568 1761 596 1807 et
606 1755 663 1806 inlu

123 1815 200 1877 Hinc
209 1826 320 1879 deserta
330 1827 377 1876 siti
387 1828 464 1893 regio
470 1862 478 1888 ‚
490 1826 601 1893 lateque
612 1825 663 1875 furt

123 1892 251 1945 Barcaei.
272 1894 345 1955 Quid
356 1895 429 1946 bella
438 1896 516 1960 Tyro
526 1896 663 1963 surgentia

125 1961 313 2029 Germanique
323 1962 428 2014 minas?

82 2028 176 2082 esus
188 2031 315 2097 equidem
326 2033 483 2097 auspicibus
495 2047 560 2084 reor
570 2033 663 2085 etium

123 2100 207 2151 Hunc
218 2114 329 2150 cursum
340 2101 438 2152 lliacas
449 2109 530 2153 vento
541 2106 663 2154 tenuisse

124 2170 213 2230 Quam
224 2173 256 2218 tu
266 2169 377 2232 urbem,
388 2185 482 2234 soror,
493 2170 563 2221 hanc
575 2189 663 2223 cernes

559 2255 605 2291 ere
616 2256 646 2291 re
656 2257 663 2278 ι

123 2307 259 2376 Coniugio
270 2307 333 2359 tali!
348 2309 487 2360 Teucrum
500 2256 663 2361 congruenti?

123 2376 228 2428 Punica
238 2392 268 2429 se
278 2379 389 2446 quantis
400 2378 512 2430 attollet
521 2378 612 2446 gloria
621 2381 663 2431 rel

81 2455 114 2506 50
124 2447 167 2497 Tu
179 2446 262 2498 modu
273 2461 355 2513 posce
367 2446 433 2499 deos
443 2449 563 2511 veniam,
574 2451 660 2499 sacris

121 2516 239 2586 lndulge
250 2514 383 2584 hospitio,
395 2532 560 2584 caussasque
572 2520 663 2569 innect

112 2588 193 2642 Dum
205 2586 309 2661 pelago
322 2586 548 2643 desueuitliems
557 2593 663 2653 etaquc

107 2662 342 2738 Quassataeque
353 2669 451 2725 rates,
460 2659 531 2711 uum
537 2672 596 2706 nun
605 2661 663 2703 tras

82 2733 162 2817 ‘uis
176 2737 269 2795 uatis
280 2741 443 2797 incensum
455 2722 663 2784 masam-ima
