1882 3052
348 138 516 216 ernis.
759 139 811 191 cor

92 260 159 306 are,
170 259 252 312 quae,
264 250 362 298 cantus
373 246 518 298 meditanti
530 247 641 299 mittere
652 250 753 308 certos,

92 329 156 383 lgna
165 312 233 365 mihi
245 315 343 381 cupido
354 316 490 366 tribuistis
501 316 737 382 praemia‚.Dirae

92 383 321 452 eridestquarum
331 390 422 435 castos
432 385 532 436 altaria
542 391 636 451 postes

92 468 172 504 inere
181 468 265 520 saepe
273 468 337 504 meo
347 455 486 517 inliciunt,
498 454 659 522 foribusque
668 450 810 520 hyacinthi
820 455 852 520 95

92 526 206 589 ponunt
215 522 312 584 liores,
322 528 372 573 aut
381 538 465 576 suave
475 525 577 575 rubens
587 527 742 584 narcissus,-
775 576 777 582 ,

92 599 217 644 temous
228 592 339 644 alterna
350 593 520 660 coniungens
530 593 590 644 lilia
601 592 702 655 caltha,

92 675 212 728 arcaque
223 661 363 712 liminibus
373 660 455 713 lloret
466 677 542 714 rosa:
559 678 633 714 nunc
642 677 704 732 age,
714 658 812 721 Divae,

92 731 208 796 oecipue
217 737 313 782 nostro
324 745 396 781 nunc
405 731 543 797 adspirate
551 732 657 795 'labori3

92 813 143 868 que
153 813 255 852 novum
265 805 382 852 aeterno
393 803 548 865 praetexite
559 798 665 853 honore
674 800 812 853 volumen.
827 814 872 848 loo

92 868 161 921 Sunt
170 868 332 920 Pandioniis
342 870 450 922 vicinae
461 869 572 921 sedibus
584 871 675 933 urbes,

91 944 171 989 tacos
182 939 257 989 inter
268 938 354 989 colles
365 942 394 989 et
403 938 520 990 candida
531 937 633 990 Thesei

92 1008 206 1073 rpureis
217 1007 273 1057 late
284 1006 403 1058 ridentia
413 1007 498 1059 litora
508 1005 633 1059 conchis:

92 1090 178 1126 iarum
190 1089 247 1125 non
257 1076 308 1126 ulli
320 1075 394 1126 fama
404 1077 557 1128 concedere
568 1077 652 1143 digna

92 1150 116 1195 rt
127 1145 261 1211 Megara,
270 1145 363 1197 Actaei
375 1146 516 1212 quondam
526 1145 743 1197 munitulabore
824 1141 877 1195 ¹105

92 1211 200 1274 cathol,
211 1210 385 1280 l'hoebique3
399 1213 477 1266 Deus
487 1229 607 1282 namque
618 1214 709 1267 adfuit
718 1213 772 1264 illi:

92 1281 133 1335 ide
144 1283 245 1343 etiam,
256 1280 380 1334 citharae
389 1298 471 1335 voces
482 1285 607 1334 imitatus
618 1291 722 1345 acutas,

92 1367 144 1420 epe
156 1350 229 1417 lapis
239 1358 366 1417 recrepat
377 1351 507 1418 Cyllenia
518 1367 633 1404 munera
644 1352 749 1418 pulsus,

100 1425 228 1473 veterem
238 1421 332 1471 sonitu
342 1418 447 1474 Phoebi
457 1426 578 1474 testatur
589 1420 733 1472 honorem.
871 1457 876 1464 .

100 1506 135 1542 nc
147 1490 259 1552 urbem,
270 1495 335 1541 ante
347 1487 418 1541 alios
429 1493 475 1560 qui
485 1496 545 1541 tum
555 1489 675 1543 florebat
685 1491 714 1541 in
724 1491 819 1551 armis,
831 1502 878 1555 ¹¹⁰.

104 1565 176 1612 xerat
184 1558 318 1610 infestam
329 1559 477 1625 populator
486 1561 592 1627 remige
603 1561 710 1612 Minose

108 1630 191 1696 ipitio
202 1629 277 1696 quod
286 1643 316 1680 se
326 1628 389 1680 Nisi
399 1628 534 1696 Polyidos
545 1632 628 1692 avito,

113 1697 239 1765 pathium
250 1697 359 1765 fugiens
370 1703 398 1750 et
409 1696 525 1750 ssumina
535 1699 677 1761 Caeratea,

118 1773 189 1820 erat.
210 1767 294 1819 Hunc
303 1767 377 1819 bello
390 1773 518 1835 repetens
530 1767 684 1835 Gortynius
694 1762 777 1818 heros

122 1853 149 1888 ea
159 1839 280 1889 Cretaea
289 1836 431 1890 sternebat
440 1852 507 1890 rura
516 1840 627 1904 sagitta.
832 1844 880 1895 115

127 1921 215 1974 reque
226 1907 390 1968 muscivos,
402 1922 492 1974 neque
502 1912 569 1957 tunc
579 1920 630 1959 rex
640 1907 699 1974 ipse
709 1909 822 1958 veretur

132 1981 162 2027 to
173 1975 212 2026 ad
222 1990 316 2026 muros
327 1975 476 2028 volitantes
487 1977 596 2044 agmine
605 1981 712 2026 turmas

137 2061 184 2107 re,
197 2049 225 2096 et
235 2044 372 2096 indomita
382 2047 483 2096 virtute
494 2045 645 2096 retundere
656 2049 778 2096 nentem

141 2128 230 2166 insum
242 2116 373 2181 quoniam
383 2115 452 2164 satis
463 2120 507 2165 est
520 2116 678 2165 meminisse
689 2114 822 2166 Deorum.

145 2185 375 2250 :apiteasummo
388 2183 614 2250 regis‚mirabile
624 2183 709 2246 dictu,
836 2198 883 2233 120

150 2253 185 2304 da
195 2253 347 2314 caesariem
362 2251 501 2304 llorebant
511 2259 639 2320 tempera
649 2252 744 2314 lauro;

155 2337 202 2374 eus
211 2321 304 2373 medio
316 2320 443 2388 fulgebat
453 2324 556 2373 vertice
567 2323 663 2373 crinis:

159 2407 239 2460 luam
249 2395 360 2442 servate
371 2389 419 2440 diu
430 2395 532 2441 natura
543 2389 651 2452 fuisset,

164 2461 259 2512 etriam
270 2459 438 2511 incolumem
445 2457 505 2510 Nisi
517 2473 687 2526 regnumque
692 2456 825 2520 futurum,

169 2529 220 2581 des
232 2527 327 2580 stabili
337 2529 485 2580 firmarunt
494 2531 608 2579 numine
619 2528 731 2578 l‘arcae.
838 2524 884 2576 125

173 2599 237 2650 nnis
247 2612 314 2650 caro
325 2597 466 2649 residebat
475 2613 542 2648 cura
551 2595 667 2662 capill03

178 2667 282 2735 olemni
292 2671 415 2719 comtum
424 2680 534 2735 quoque
543 2664 632 2717 fibula
640 2663 697 2715 ritu
