1882 3052
260 639 544 708 e..v1nc1n11
572 635 818 703 MAn0N1s

159 779 198 860 Α
262 776 302 858 Ε
370 773 408 857 N
478 752 516 856 Ε
585 775 606 856 ι’
672 774 713 854 n
780 769 820 856 0
880 762 915 850 s·

334 933 482 988 LIBER
509 931 740 995 QVINTVS.
860 932 868 941 '

172 1077 906 1102 wau-a·

158 1184 277 1267 Interea
287 1212 409 1265 medium
418 1214 526 1263 Aeneas
535 1211 591 1260 iam
601 1211 690 1263 classe
700 1212 821 1265 tenebat

161 1285 260 1335 Certus
271 1284 337 1345 iter,
349 1280 505 1346 tinctusque
516 1284 593 1329 atros
604 1280 736 1346 aquilone
746 1281 869 1342 secabat,
882 1342 885 1347 ⁵

159 1353 274 1404 Moenia
284 1351 446 1416 respiciens,
458 1363 529 1415 quae
538 1348 594 1398 iam
604 1347 723 1400 infelicis
735 1349 854 1401 Elissae·

161 1421 308 1472 collucent
318 1417 444 1469 flammis.
454 1418 532 1479 Quae
538 1421 646 1466 tantum
652 1418 918 1485 accenderitiguem,¹

135 1487 150 1540 ἐ
162 1490 266 1540 Caussa
276 1487 358 1550 latet;
374 1487 436 1538 duri
445 1499 545 1552 magno
556 1484 605 1536 sed
615 1499 711 1537 amore
720 1485 838 1537 dolores

159 1557 287 1619 Pollam,
297 1562 460 1622 notumque,
472 1553 566 1604 furens
577 1553 643 1619 quid
654 1553 758 1606 femina
768 1557 869 1621 possit,

160 1627 255 1677 Triste
263 1639 314 1691 per
323 1625 469 1692 augurium
480 1624 653 1674 Teucrorum
664 1628 780 1688 pectora
791 1624 903 1675 ducunt

159 1693 201 1746 Vt
210 1694 325 1761 pelagus
335 1698 450 1744 tenuere
460 1697 548 1752 rates,
558 1705 610 1741 nec
618 1692 673 1741 iam
684 1691 807 1757 amplius
817 1690 886 1745 ulla

161 1763 291 1813 Occurrit
300 1761 488 1824 telius‚maria
496 1759 627 1826 undique,
634 1760 791 1826 etundique
797 1758 917 1821 coeluum

122 1843 152 1876 ro
161 1829 219 1880 Olli
230 1828 375 1880 caeruleus
386 1844 471 1894 supra
481 1833 567 1891 caput
576 1827 685 1876 adstitit
693 1827 792 1890 imber,

160 1896 279 1949 Noctem
290 1896 464 1960 hiememque
474 1893 579 1958 ferens3
594 1899 626 2014 elt³
632 1893 774 1947 inhorruit
787 1896 904 1949 undate·

574 1978 608 2014 ne
628 1979 674 2013 ms.

159 2033 221 2096 lpse
232 2030 404 2097 gubernator
413 2031 499 2093 puppi
509 2028 658 2082 Palinurus
669 2031 703 2082 ah
714 2031 788 2083 alta:

158 2097 236 2153 Heu!
252 2100 380 2164 quianam
392 2098 463 2147 tanti
474 2098 623 2149 cinxerunt
633 2098 748 2152 aethera
759 2100 866 2155 nimbi!

160 2165 280 2228 Quidve,
291 2169 371 2231 pater·
380 2163 516 2230 Neptune,
527 2166 627 2231 peresi
640 2167 686 2220 Sic
696 2169 799 2222 deinde
810 2171 921 2222 locutos
935 2176 937 2183 '

136 2234 300 2301 hcolligere
311 2248 388 2283 arma
398 2234 484 2296 iubet,
494 2235 647 2302 validisque
657 2239 820 2291 incumbere
829 2240 921 2301 remis.

161 2301 432 2369 Obliquatquesinus
443 2305 606 2366 inventum,
618 2320 650 2357 ac
659 2306 728 2358 talia
737 2306 830 2359 fatur:
929 2334 932 2343 ·

160 2372 337 2437 Magnanimo
348 2373 452 2433 Aenea,
463 2386 531 2433 non,
541 2374 564 2422 si
574 2371 641 2423 mihi
652 2376 760 2440 Iupiter
769 2383 874 2429 auctor

160 2439 314 2506 spondeat,
326 2437 379 2490 hoc
389 2455 495 2505 sperem
505 2440 614 2492 ltaliam
626 2445 790 2511 contingere
802 2445 894 2498 coelo.

159 2509 264 2559 Mutati
273 2513 431 2558 transversa
442 2507 566 2560 fremunt
576 2517 604 2561 et
614 2527 727 2577 vespere
738 2514 773 2564 ab
785 2520 850 2565 atro

116 2595 148 2630 zo
158 2578 338 2648 Consurgunt
346 2579 436 2641 venti,
445 2582 529 2646 atque
538 2580 569 2629 in
577 2581 678 2630 nubem
689 2583 802 2646 cogitur
812 2586 870 2636 aer.

147 2646 213 2704 Nec
222 2666 276 2704 nos
289 2650 383 2706 obniti
394 2653 508 2716 contra,
516 2647 824 2700 nottenheretantum
