<?xml version="1.0" encoding="UTF-8"?>
<!DOCTYPE html PUBLIC "-//W3C//DTD XHTML 1.0 Transitional//EN"
    "http://www.w3.org/TR/xhtml1/DTD/xhtml1-transitional.dtd">
<html xmlns="http://www.w3.org/1999/xhtml" xml:lang="en" lang="en">
 <head>
  <title>
</title>
<meta http-equiv="Content-Type" content="text/html;charset=utf-8" />
  <meta name='ocr-system' content='tesseract 3.04.00' />
  <meta name='ocr-capabilities' content='ocr_page ocr_carea ocr_par ocr_line ocrx_word'/>
</head>
<body>
  <div class='ocr_page' id='page_1' title='image "./pvirgiliimaroni02virggoog/pvirgiliimaroni02virggoog_0284.png"; bbox 0 0 1882 3052; ppageno 0'>
   <div class='ocr_carea' id='block_1_1' title="bbox 108 149 680 245">
    <p class='ocr_par' dir='ltr' id='par_1_1' title="bbox 108 149 680 245">
     <span class='ocr_line' id='line_1_1' title="bbox 108 149 680 245; baseline 0.021 -42"><span class='ocrx_word' id='word_1_1' title='bbox 108 151 496 245; x_wconf 63' lang='lat' dir='ltr'><strong>sessiacensem</strong></span> <span class='ocrx_word' id='word_1_2' title='bbox 521 192 523 197; x_wconf 18' lang='grc' dir='ltr'><strong><em>ι</em></strong></span> <span class='ocrx_word' id='word_1_3' title='bbox 599 149 602 158; x_wconf 78' lang='lat'><strong><em>‘</em></strong></span> <span class='ocrx_word' id='word_1_4' title='bbox 628 159 680 214; x_wconf 80' lang='lat' dir='ltr'><strong>zm</strong></span> 
     </span>
    </p>
   </div>
   <div class='ocr_carea' id='block_1_2' title="bbox 101 257 758 2747">
    <p class='ocr_par' dir='ltr' id='par_1_2' title="bbox 101 257 739 948">
     <span class='ocr_line' id='line_1_2' title="bbox 112 257 739 321; baseline 0.011 -16"><span class='ocrx_word' id='word_1_5' title='bbox 112 269 175 311; x_wconf 86' lang='lat' dir='ltr'><strong>sese</strong></span> <span class='ocrx_word' id='word_1_6' title='bbox 185 257 289 308; x_wconf 85' lang='lat' dir='ltr'><strong>medios</strong></span> <span class='ocrx_word' id='word_1_7' title='bbox 300 260 449 310; x_wconf 85' lang='lat' dir='ltr'><strong>moriturus</strong></span> <span class='ocrx_word' id='word_1_8' title='bbox 459 263 487 310; x_wconf 93' lang='lat' dir='ltr'><strong>in</strong></span> <span class='ocrx_word' id='word_1_9' title='bbox 498 276 578 313; x_wconf 82' lang='lat' dir='ltr'>enses</span> <span class='ocrx_word' id='word_1_10' title='bbox 689 273 739 321; x_wconf 75' lang='lat'><strong>400</strong></span> 
     </span>
     <span class='ocr_line' id='line_1_3' title="bbox 102 323 680 394; baseline 0.012 -21"><span class='ocrx_word' id='word_1_11' title='bbox 102 323 222 376; x_wconf 81' lang='lat' dir='ltr'><strong>ulcinam</strong></span> <span class='ocrx_word' id='word_1_12' title='bbox 233 333 362 393; x_wconf 79' lang='lat' dir='ltr'>properet</span> <span class='ocrx_word' id='word_1_13' title='bbox 372 343 422 394; x_wconf 86' lang='lat' dir='ltr'><strong>per</strong></span> <span class='ocrx_word' id='word_1_14' title='bbox 429 330 680 391; x_wconf 68' lang='lat' dir='ltr'><strong>vulneramortemi</strong></span> 
     </span>
     <span class='ocr_line' id='line_1_4' title="bbox 101 395 504 462; baseline 0.017 -19"><span class='ocrx_word' id='word_1_15' title='bbox 101 398 132 444; x_wconf 94' lang='lat' dir='ltr'><strong>to</strong></span> <span class='ocrx_word' id='word_1_16' title='bbox 140 399 272 462; x_wconf 90' lang='lat' dir='ltr'><strong>torquens</strong></span> <span class='ocrx_word' id='word_1_17' title='bbox 283 395 382 447; x_wconf 88' lang='lat' dir='ltr'><strong>hastile</strong></span> <span class='ocrx_word' id='word_1_18' title='bbox 392 397 504 460; x_wconf 85' lang='lat' dir='ltr'><strong>lacerto,</strong></span> 
     </span>
     <span class='ocr_line' id='line_1_5' title="bbox 103 463 581 533; baseline 0.008 -21"><span class='ocrx_word' id='word_1_19' title='bbox 103 463 172 514; x_wconf 83' lang='lat' dir='ltr'><strong>ltam</strong></span> <span class='ocrx_word' id='word_1_20' title='bbox 182 465 305 528; x_wconf 86' lang='lat' dir='ltr'><strong>Lunam,</strong></span> <span class='ocrx_word' id='word_1_21' title='bbox 314 467 355 516; x_wconf 91' lang='lat' dir='ltr'><strong>sic</strong></span> <span class='ocrx_word' id='word_1_22' title='bbox 363 481 430 518; x_wconf 85' lang='lat' dir='ltr'><strong>roce</strong></span> <span class='ocrx_word' id='word_1_23' title='bbox 440 473 581 533; x_wconf 79' lang='lat' dir='ltr'><strong>precatur:</strong></span> 
     </span>
     <span class='ocr_line' id='line_1_6' title="bbox 103 536 585 600; baseline 0.004 -17"><span class='ocrx_word' id='word_1_24' title='bbox 103 546 234 598; x_wconf 88' lang='lat' dir='ltr'><strong>praesens</strong></span> <span class='ocrx_word' id='word_1_25' title='bbox 244 541 340 585; x_wconf 91' lang='lat' dir='ltr'><strong>nostro</strong></span> <span class='ocrx_word' id='word_1_26' title='bbox 350 551 477 588; x_wconf 89' lang='lat' dir='ltr'><strong>succurre</strong></span> <span class='ocrx_word' id='word_1_27' title='bbox 487 536 585 600; x_wconf 89' lang='lat' dir='ltr'><strong>labori,</strong></span> 
     </span>
     <span class='ocr_line' id='line_1_7' title="bbox 102 605 739 667; baseline 0.008 -16"><span class='ocrx_word' id='word_1_28' title='bbox 102 608 210 664; x_wconf 72' lang='lat' dir='ltr'><strong>icus‚et</strong></span> <span class='ocrx_word' id='word_1_29' title='bbox 219 618 362 656; x_wconf 87' lang='lat' dir='ltr'><strong>nemorum</strong></span> <span class='ocrx_word' id='word_1_30' title='bbox 372 605 492 656; x_wconf 87' lang='lat' dir='ltr'><strong>Latonia</strong></span> <span class='ocrx_word' id='word_1_31' title='bbox 501 611 608 667; x_wconf 79' lang='lat' dir='ltr'><strong>custos3</strong></span> <span class='ocrx_word' id='word_1_32' title='bbox 688 612 739 664; x_wconf 77' lang='lat'><strong>405</strong></span> 
     </span>
     <span class='ocr_line' id='line_1_8' title="bbox 102 675 626 741; baseline 0.01 -22"><span class='ocrx_word' id='word_1_33' title='bbox 102 687 206 737; x_wconf 77' lang='lat' dir='ltr'><strong>inquam</strong></span> <span class='ocrx_word' id='word_1_34' title='bbox 217 686 267 738; x_wconf 91' lang='lat' dir='ltr'><strong>pro</strong></span> <span class='ocrx_word' id='word_1_35' title='bbox 278 689 321 724; x_wconf 78' lang='lat' dir='ltr'><strong>nse</strong></span> <span class='ocrx_word' id='word_1_36' title='bbox 331 679 410 739; x_wconf 88' lang='lat' dir='ltr'><strong>pater</strong></span> <span class='ocrx_word' id='word_1_37' title='bbox 418 677 560 741; x_wconf 84' lang='lat' dir='ltr'><strong>Hyrtacus</strong></span> <span class='ocrx_word' id='word_1_38' title='bbox 571 675 626 725; x_wconf 87' lang='lat' dir='ltr'><strong>aris</strong></span> 
     </span>
     <span class='ocr_line' id='line_1_9' title="bbox 102 741 573 806; baseline 0.006 -17"><span class='ocrx_word' id='word_1_39' title='bbox 102 744 122 789; x_wconf 84' lang='lat' dir='ltr'><strong>si</strong></span> <span class='ocrx_word' id='word_1_40' title='bbox 132 755 187 806; x_wconf 89' lang='lat' dir='ltr'><strong>qua</strong></span> <span class='ocrx_word' id='word_1_41' title='bbox 196 741 254 806; x_wconf 90' lang='lat' dir='ltr'><strong>ipse</strong></span> <span class='ocrx_word' id='word_1_42' title='bbox 264 744 333 793; x_wconf 87' lang='lat' dir='ltr'><strong>meis</strong></span> <span class='ocrx_word' id='word_1_43' title='bbox 343 744 489 794; x_wconf 83' lang='lat' dir='ltr'><strong>venatibus</strong></span> <span class='ocrx_word' id='word_1_44' title='bbox 500 745 573 805; x_wconf 83' lang='lat' dir='ltr'><strong>auxi,</strong></span> 
     </span>
     <span class='ocr_line' id='line_1_10' title="bbox 102 806 574 878; baseline 0.006 -21"><span class='ocrx_word' id='word_1_45' title='bbox 102 806 189 871; x_wconf 83' lang='lat' dir='ltr'><strong>tholo,</strong></span> <span class='ocrx_word' id='word_1_46' title='bbox 199 816 248 860; x_wconf 85' lang='lat' dir='ltr'><strong>aut</strong></span> <span class='ocrx_word' id='word_1_47' title='bbox 257 826 335 862; x_wconf 85' lang='lat' dir='ltr'><strong>sacra</strong></span> <span class='ocrx_word' id='word_1_48' title='bbox 345 811 381 862; x_wconf 81' lang='lat' dir='ltr'><strong>ad</strong></span> <span class='ocrx_word' id='word_1_49' title='bbox 391 811 504 878; x_wconf 78' lang='lat' dir='ltr'><strong>fastigia</strong></span> <span class='ocrx_word' id='word_1_50' title='bbox 513 814 574 862; x_wconf 80' lang='lat' dir='ltr'><strong>fixi:</strong></span> 
     </span>
     <span class='ocr_line' id='line_1_11' title="bbox 102 879 624 948; baseline 0.006 -20"><span class='ocrx_word' id='word_1_51' title='bbox 102 894 123 929; x_wconf 79' lang='lat' dir='ltr'><strong>ie</strong></span> <span class='ocrx_word' id='word_1_52' title='bbox 133 879 245 931; x_wconf 85' lang='lat' dir='ltr'><strong>turbare</strong></span> <span class='ocrx_word' id='word_1_53' title='bbox 255 880 380 947; x_wconf 80' lang='lat' dir='ltr'>globum,</span> <span class='ocrx_word' id='word_1_54' title='bbox 392 885 422 930; x_wconf 84' lang='lat' dir='ltr'><strong>et</strong></span> <span class='ocrx_word' id='word_1_55' title='bbox 430 895 496 948; x_wconf 72' lang='lat' dir='ltr'><strong>rege</strong></span> <span class='ocrx_word' id='word_1_56' title='bbox 506 880 565 932; x_wconf 88' lang='lat' dir='ltr'><strong>tela</strong></span> <span class='ocrx_word' id='word_1_57' title='bbox 574 895 624 945; x_wconf 88' lang='lat' dir='ltr'><strong>per</strong></span> 
     </span>
    </p>

    <p class='ocr_par' dir='ltr' id='par_1_3' title="bbox 101 963 758 2747">
     <span class='ocr_line' id='line_1_12' title="bbox 332 963 423 1000; baseline -0.033 0"><span class='ocrx_word' id='word_1_58' title='bbox 332 963 423 1000; x_wconf 84' lang='lat' dir='ltr'><strong>auras.</strong></span> 
     </span>
     <span class='ocr_line' id='line_1_13' title="bbox 104 1017 739 1084; baseline 0.011 -18"><span class='ocrx_word' id='word_1_59' title='bbox 104 1020 164 1067; x_wconf 91' lang='lat' dir='ltr'><strong>toto</strong></span> <span class='ocrx_word' id='word_1_60' title='bbox 175 1018 308 1069; x_wconf 81' lang='lat' dir='ltr'><strong>connixus</strong></span> <span class='ocrx_word' id='word_1_61' title='bbox 318 1032 432 1084; x_wconf 88' lang='lat' dir='ltr'><strong>corpore</strong></span> <span class='ocrx_word' id='word_1_62' title='bbox 442 1017 548 1069; x_wconf 86' lang='lat' dir='ltr'><strong>ferrum</strong></span> <span class='ocrx_word' id='word_1_63' title='bbox 593 1049 595 1052; x_wconf 58' lang='lat'>&gt;</span> <span class='ocrx_word' id='word_1_64' title='bbox 689 1025 739 1074; x_wconf 78' lang='lat'><strong>410</strong></span> 
     </span>
     <span class='ocr_line' id='line_1_14' title="bbox 102 1086 655 1149; baseline 0.004 -13"><span class='ocrx_word' id='word_1_65' title='bbox 102 1091 144 1136; x_wconf 90' lang='lat' dir='ltr'><strong>sta</strong></span> <span class='ocrx_word' id='word_1_66' title='bbox 154 1086 250 1136; x_wconf 86' lang='lat' dir='ltr'><strong>volans</strong></span> <span class='ocrx_word' id='word_1_67' title='bbox 260 1089 349 1138; x_wconf 90' lang='lat' dir='ltr'><strong>noctis</strong></span> <span class='ocrx_word' id='word_1_68' title='bbox 360 1087 517 1138; x_wconf 80' lang='lat' dir='ltr'>diverberat</span> <span class='ocrx_word' id='word_1_69' title='bbox 526 1087 655 1149; x_wconf 86' lang='lat' dir='ltr'><strong>umbras,-</strong></span> 
     </span>
     <span class='ocr_line' id='line_1_15' title="bbox 101 1155 564 1223; baseline 0 -18"><span class='ocrx_word' id='word_1_70' title='bbox 101 1157 138 1205; x_wconf 89' lang='lat' dir='ltr'><strong>rsi</strong></span> <span class='ocrx_word' id='word_1_71' title='bbox 150 1157 178 1205; x_wconf 92' lang='lat' dir='ltr'><strong>in</strong></span> <span class='ocrx_word' id='word_1_72' title='bbox 188 1160 297 1223; x_wconf 80' lang='lat' dir='ltr'><strong>tergum</strong></span> <span class='ocrx_word' id='word_1_73' title='bbox 308 1155 461 1219; x_wconf 88' lang='lat' dir='ltr'><strong>Sulmonis,</strong></span> <span class='ocrx_word' id='word_1_74' title='bbox 472 1156 564 1223; x_wconf 86' lang='lat' dir='ltr'><strong>ibique</strong></span> 
     </span>
     <span class='ocr_line' id='line_1_16' title="bbox 102 1225 572 1292; baseline 0.004 -19"><span class='ocrx_word' id='word_1_75' title='bbox 102 1239 122 1274; x_wconf 78' lang='lat' dir='ltr'><strong>ic</strong></span> <span class='ocrx_word' id='word_1_76' title='bbox 131 1225 196 1275; x_wconf 84' lang='lat' dir='ltr'><strong>iisso</strong></span> <span class='ocrx_word' id='word_1_77' title='bbox 207 1227 308 1276; x_wconf 78' lang='lat' dir='ltr'><strong>transit</strong></span> <span class='ocrx_word' id='word_1_78' title='bbox 318 1227 479 1291; x_wconf 79' lang='lat' dir='ltr'><strong>praecordia</strong></span> <span class='ocrx_word' id='word_1_79' title='bbox 489 1225 572 1292; x_wconf 85' lang='lat' dir='ltr'><strong>ligno.</strong></span> 
     </span>
     <span class='ocr_line' id='line_1_17' title="bbox 102 1294 639 1360; baseline 0.004 -18"><span class='ocrx_word' id='word_1_80' title='bbox 102 1308 228 1344; x_wconf 75' lang='lat' dir='ltr'><strong>evomens</strong></span> <span class='ocrx_word' id='word_1_81' title='bbox 238 1295 358 1345; x_wconf 85' lang='lat' dir='ltr'><strong>calidum</strong></span> <span class='ocrx_word' id='word_1_82' title='bbox 369 1295 403 1346; x_wconf 89' lang='lat' dir='ltr'><strong>de</strong></span> <span class='ocrx_word' id='word_1_83' title='bbox 414 1300 525 1360; x_wconf 76' lang='lat' dir='ltr'><strong>pectore</strong></span> <span class='ocrx_word' id='word_1_84' title='bbox 536 1294 639 1345; x_wconf 84' lang='lat' dir='ltr'><strong>flumen</strong></span> 
     </span>
     <span class='ocr_line' id='line_1_18' title="bbox 111 1362 738 1430; baseline 0.01 -19"><span class='ocrx_word' id='word_1_85' title='bbox 111 1362 201 1430; x_wconf 86' lang='lat' dir='ltr'><strong>longis</strong></span> <span class='ocrx_word' id='word_1_86' title='bbox 211 1363 377 1430; x_wconf 84' lang='lat' dir='ltr'><strong>singultibus</strong></span> <span class='ocrx_word' id='word_1_87' title='bbox 387 1363 437 1413; x_wconf 81' lang='lat' dir='ltr'><strong>ilia</strong></span> <span class='ocrx_word' id='word_1_88' title='bbox 446 1363 546 1428; x_wconf 85' lang='lat' dir='ltr'><strong>pulsat.</strong></span> <span class='ocrx_word' id='word_1_89' title='bbox 688 1366 738 1420; x_wconf 77' lang='lat'><strong>415</strong></span> 
     </span>
     <span class='ocr_line' id='line_1_19' title="bbox 102 1433 538 1499; baseline 0.005 -18"><span class='ocrx_word' id='word_1_90' title='bbox 102 1433 270 1499; x_wconf 85' lang='lat' dir='ltr'><strong>umspiciunt.</strong></span> <span class='ocrx_word' id='word_1_91' title='bbox 289 1434 352 1482; x_wconf 87' lang='lat' dir='ltr'><strong>Hoc</strong></span> <span class='ocrx_word' id='word_1_92' title='bbox 363 1433 453 1483; x_wconf 85' lang='lat' dir='ltr'><strong>acrior</strong></span> <span class='ocrx_word' id='word_1_93' title='bbox 464 1433 538 1483; x_wconf 88' lang='lat' dir='ltr'><strong>idern</strong></span> 
     </span>
     <span class='ocr_line' id='line_1_20' title="bbox 102 1501 555 1562; baseline 0.007 -13"><span class='ocrx_word' id='word_1_94' title='bbox 102 1515 193 1552; x_wconf 77' lang='lat' dir='ltr'><strong>irnima</strong></span> <span class='ocrx_word' id='word_1_95' title='bbox 202 1501 289 1551; x_wconf 86' lang='lat' dir='ltr'><strong>telum</strong></span> <span class='ocrx_word' id='word_1_96' title='bbox 300 1501 419 1552; x_wconf 72' lang='lat' dir='ltr'><strong>librabat</strong></span> <span class='ocrx_word' id='word_1_97' title='bbox 429 1501 463 1551; x_wconf 87' lang='lat' dir='ltr'><strong>ab</strong></span> <span class='ocrx_word' id='word_1_98' title='bbox 475 1516 555 1562; x_wconf 83' lang='lat' dir='ltr'><strong>aure3</strong></span> 
     </span>
     <span class='ocr_line' id='line_1_21' title="bbox 102 1568 677 1651; baseline 0.002 -32"><span class='ocrx_word' id='word_1_99' title='bbox 102 1575 145 1631; x_wconf 87' lang='lat' dir='ltr'><strong>nt,</strong></span> <span class='ocrx_word' id='word_1_100' title='bbox 155 1568 677 1651; x_wconf 69' lang='lat' dir='ltr'><strong>iithasta&#39;l&#39;apopertempusutrumque</strong></span> 
     </span>
     <span class='ocr_line' id='line_1_22' title="bbox 102 1637 621 1708; baseline -0.004 -20"><span class='ocrx_word' id='word_1_101' title='bbox 102 1640 239 1704; x_wconf 81' lang='lat' dir='ltr'><strong>siectoque</strong></span> <span class='ocrx_word' id='word_1_102' title='bbox 250 1637 341 1708; x_wconf 77' lang='lat' dir='ltr'><strong>haesit</strong></span> <span class='ocrx_word' id='word_1_103' title='bbox 350 1638 491 1704; x_wconf 77' lang='lat' dir='ltr'><strong>tepefacta</strong></span> <span class='ocrx_word' id='word_1_104' title='bbox 500 1639 621 1689; x_wconf 83' lang='lat' dir='ltr'><strong>cerebro.</strong></span> 
     </span>
     <span class='ocr_line' id='line_1_23' title="bbox 111 1706 739 1773; baseline 0.002 -13"><span class='ocrx_word' id='word_1_105' title='bbox 111 1707 246 1760; x_wconf 87' lang='lat' dir='ltr'><strong>Volscens</strong></span> <span class='ocrx_word' id='word_1_106' title='bbox 252 1743 260 1769; x_wconf 90' lang='lat'><strong><em>,</em></strong></span> <span class='ocrx_word' id='word_1_107' title='bbox 271 1721 322 1757; x_wconf 86' lang='lat' dir='ltr'><strong>nec</strong></span> <span class='ocrx_word' id='word_1_108' title='bbox 329 1706 381 1757; x_wconf 84' lang='lat' dir='ltr'><strong>teli</strong></span> <span class='ocrx_word' id='word_1_109' title='bbox 391 1708 523 1772; x_wconf 70' lang='lat' dir='ltr'><strong>conspicit</strong></span> <span class='ocrx_word' id='word_1_110' title='bbox 533 1721 648 1773; x_wconf 77' lang='lat' dir='ltr'><strong>usquam</strong></span> <span class='ocrx_word' id='word_1_111' title='bbox 689 1712 739 1761; x_wconf 81' lang='lat'><strong>420</strong></span> 
     </span>
     <span class='ocr_line' id='line_1_24' title="bbox 102 1775 621 1843; baseline -0.006 -17"><span class='ocrx_word' id='word_1_112' title='bbox 102 1792 139 1828; x_wconf 62' lang='lat' dir='ltr'><strong>rec</strong></span> <span class='ocrx_word' id='word_1_113' title='bbox 149 1790 202 1843; x_wconf 92' lang='lat' dir='ltr'><strong>quo</strong></span> <span class='ocrx_word' id='word_1_114' title='bbox 213 1791 243 1826; x_wconf 88' lang='lat' dir='ltr'><strong>se</strong></span> <span class='ocrx_word' id='word_1_115' title='bbox 254 1775 353 1826; x_wconf 85' lang='lat' dir='ltr'><strong>ardens</strong></span> <span class='ocrx_word' id='word_1_116' title='bbox 365 1777 517 1826; x_wconf 84' lang='lat' dir='ltr'><strong>immittere</strong></span> <span class='ocrx_word' id='word_1_117' title='bbox 526 1777 621 1839; x_wconf 90' lang='lat' dir='ltr'><strong>possit.</strong></span> 
     </span>
     <span class='ocr_line' id='line_1_25' title="bbox 103 1841 640 1910; baseline -0.002 -16"><span class='ocrx_word' id='word_1_118' title='bbox 103 1851 180 1896; x_wconf 86' lang='lat' dir='ltr'><strong>terea</strong></span> <span class='ocrx_word' id='word_1_119' title='bbox 190 1845 279 1895; x_wconf 88' lang='lat' dir='ltr'><strong>calido</strong></span> <span class='ocrx_word' id='word_1_120' title='bbox 290 1841 357 1894; x_wconf 89' lang='lat' dir='ltr'><strong>mihi</strong></span> <span class='ocrx_word' id='word_1_121' title='bbox 367 1845 500 1910; x_wconf 80' lang='lat' dir='ltr'><strong>sanguine</strong></span> <span class='ocrx_word' id='word_1_122' title='bbox 510 1858 614 1910; x_wconf 83' lang='lat' dir='ltr'><strong>poenas</strong></span> <span class='ocrx_word' id='word_1_123' title='bbox 638 1872 640 1876; x_wconf 93' lang='lat'><em>-</em></span> 
     </span>
     <span class='ocr_line' id='line_1_26' title="bbox 102 1913 634 1980; baseline -0.004 -16"><span class='ocrx_word' id='word_1_124' title='bbox 102 1916 213 1964; x_wconf 89' lang='lat' dir='ltr'><strong>nborum</strong></span> <span class='ocrx_word' id='word_1_125' title='bbox 221 1950 229 1975; x_wconf 85' lang='lat'>‚</span> <span class='ocrx_word' id='word_1_126' title='bbox 238 1915 340 1980; x_wconf 89' lang='lat' dir='ltr'><strong>inquit:</strong></span> <span class='ocrx_word' id='word_1_127' title='bbox 356 1913 439 1963; x_wconf 87' lang='lat' dir='ltr'><strong>simul</strong></span> <span class='ocrx_word' id='word_1_128' title='bbox 449 1928 515 1964; x_wconf 90' lang='lat' dir='ltr'><strong>ense</strong></span> <span class='ocrx_word' id='word_1_129' title='bbox 525 1913 634 1964; x_wconf 83' lang='lat' dir='ltr'><strong>recluso</strong></span> 
     </span>
     <span class='ocr_line' id='line_1_27' title="bbox 102 1983 638 2043; baseline -0.004 -9"><span class='ocrx_word' id='word_1_130' title='bbox 102 1984 191 2034; x_wconf 85' lang='lat' dir='ltr'><strong>alurn.</strong></span> <span class='ocrx_word' id='word_1_131' title='bbox 212 1985 284 2034; x_wconf 81' lang='lat' dir='ltr'><strong>Turn</strong></span> <span class='ocrx_word' id='word_1_132' title='bbox 294 1997 360 2034; x_wconf 84' lang='lat' dir='ltr'><strong>vero</strong></span> <span class='ocrx_word' id='word_1_133' title='bbox 371 1983 533 2043; x_wconf 85' lang='lat' dir='ltr'><strong>exterritus,</strong></span> <span class='ocrx_word' id='word_1_134' title='bbox 543 1996 638 2032; x_wconf 84' lang='lat' dir='ltr'><strong>aurens</strong></span> 
     </span>
     <span class='ocr_line' id='line_1_28' title="bbox 102 2051 738 2115; baseline 0.008 -13"><span class='ocrx_word' id='word_1_135' title='bbox 102 2053 187 2115; x_wconf 83' lang='lat' dir='ltr'><strong>iisus3</strong></span> <span class='ocrx_word' id='word_1_136' title='bbox 204 2068 255 2103; x_wconf 85' lang='lat' dir='ltr'><strong>nec</strong></span> <span class='ocrx_word' id='word_1_137' title='bbox 265 2067 295 2103; x_wconf 89' lang='lat' dir='ltr'><strong>se</strong></span> <span class='ocrx_word' id='word_1_138' title='bbox 305 2051 396 2102; x_wconf 88' lang='lat' dir='ltr'><strong>celare</strong></span> <span class='ocrx_word' id='word_1_139' title='bbox 406 2051 529 2102; x_wconf 85' lang='lat' dir='ltr'><strong>tenebris</strong></span> <span class='ocrx_word' id='word_1_140' title='bbox 687 2056 738 2107; x_wconf 75' lang='lat'><strong>425</strong></span> 
     </span>
     <span class='ocr_line' id='line_1_29' title="bbox 101 2119 758 2186; baseline -0.008 -14"><span class='ocrx_word' id='word_1_141' title='bbox 101 2127 233 2172; x_wconf 80' lang='lat' dir='ltr'><strong>ttantunr</strong></span> <span class='ocrx_word' id='word_1_142' title='bbox 244 2122 336 2186; x_wconf 85' lang='lat' dir='ltr'><strong>potuit</strong></span> <span class='ocrx_word' id='word_1_143' title='bbox 344 2119 468 2186; x_wconf 81' lang='lat' dir='ltr'><strong>perferre</strong></span> <span class='ocrx_word' id='word_1_144' title='bbox 477 2120 616 2171; x_wconf 85' lang='lat' dir='ltr'><strong>dolorem:</strong></span> <span class='ocrx_word' id='word_1_145' title='bbox 757 2129 758 2132; x_wconf 74' lang='grc'>’</span> 
     </span>
     <span class='ocr_line' id='line_1_30' title="bbox 102 2188 677 2257; baseline -0.009 -16"><span class='ocrx_word' id='word_1_146' title='bbox 102 2207 168 2252; x_wconf 79' lang='lat' dir='ltr'><strong>suns,</strong></span> <span class='ocrx_word' id='word_1_147' title='bbox 180 2192 225 2257; x_wconf 90' lang='lat' dir='ltr'><strong>qui</strong></span> <span class='ocrx_word' id='word_1_148' title='bbox 238 2189 299 2251; x_wconf 85' lang='lat' dir='ltr'><strong>feci,</strong></span> <span class='ocrx_word' id='word_1_149' title='bbox 309 2191 337 2239; x_wconf 89' lang='lat' dir='ltr'><strong>in</strong></span> <span class='ocrx_word' id='word_1_150' title='bbox 348 2204 392 2240; x_wconf 88' lang='lat' dir='ltr'><strong>me</strong></span> <span class='ocrx_word' id='word_1_151' title='bbox 402 2189 554 2242; x_wconf 82' lang='lat' dir='ltr'><strong>convertite</strong></span> <span class='ocrx_word' id='word_1_152' title='bbox 565 2188 677 2248; x_wconf 83' lang='lat' dir='ltr'><strong>ferrum,</strong></span> 
     </span>
     <span class='ocr_line' id='line_1_31' title="bbox 102 2257 656 2322; baseline -0.011 -11"><span class='ocrx_word' id='word_1_153' title='bbox 102 2276 141 2312; x_wconf 70' lang='lat' dir='ltr'><strong>neu</strong></span> <span class='ocrx_word' id='word_1_154' title='bbox 153 2259 229 2310; x_wconf 82' lang='lat' dir='ltr'><strong>fraus</strong></span> <span class='ocrx_word' id='word_1_155' title='bbox 240 2260 343 2322; x_wconf 82' lang='lat' dir='ltr'><strong>omnis3</strong></span> <span class='ocrx_word' id='word_1_156' title='bbox 359 2257 429 2309; x_wconf 87' lang='lat' dir='ltr'><strong>nihil</strong></span> <span class='ocrx_word' id='word_1_157' title='bbox 439 2261 493 2310; x_wconf 89' lang='lat' dir='ltr'><strong>iste</strong></span> <span class='ocrx_word' id='word_1_158' title='bbox 504 2273 554 2310; x_wconf 87' lang='lat' dir='ltr'><strong>nec</strong></span> <span class='ocrx_word' id='word_1_159' title='bbox 564 2272 656 2318; x_wconf 83' lang='lat' dir='ltr'><strong>ausus,</strong></span> 
     </span>
     <span class='ocr_line' id='line_1_32' title="bbox 104 2327 644 2392; baseline -0.011 -13"><span class='ocrx_word' id='word_1_160' title='bbox 104 2329 213 2381; x_wconf 89' lang='lat' dir='ltr'><strong>coelum</strong></span> <span class='ocrx_word' id='word_1_161' title='bbox 223 2327 274 2378; x_wconf 89' lang='lat' dir='ltr'><strong>hoc</strong></span> <span class='ocrx_word' id='word_1_162' title='bbox 285 2333 313 2379; x_wconf 87' lang='lat' dir='ltr'><strong>et</strong></span> <span class='ocrx_word' id='word_1_163' title='bbox 322 2330 431 2379; x_wconf 86' lang='lat' dir='ltr'><strong>conscia</strong></span> <span class='ocrx_word' id='word_1_164' title='bbox 440 2328 532 2392; x_wconf 81' lang='lat' dir='ltr'><strong>sidera</strong></span> <span class='ocrx_word' id='word_1_165' title='bbox 541 2330 644 2387; x_wconf 80' lang='lat' dir='ltr'><strong>testor3</strong></span> 
     </span>
     <span class='ocr_line' id='line_1_33' title="bbox 102 2396 738 2450; baseline -0.006 0"><span class='ocrx_word' id='word_1_166' title='bbox 102 2399 189 2450; x_wconf 71' lang='lat' dir='ltr'><strong>ilicem</strong></span> <span class='ocrx_word' id='word_1_167' title='bbox 199 2399 311 2448; x_wconf 86' lang='lat' dir='ltr'><strong>nimium</strong></span> <span class='ocrx_word' id='word_1_168' title='bbox 323 2398 421 2448; x_wconf 84' lang='lat' dir='ltr'><strong>dilexit</strong></span> <span class='ocrx_word' id='word_1_169' title='bbox 430 2399 555 2448; x_wconf 84' lang='lat' dir='ltr'><strong>amicum.</strong></span> <span class='ocrx_word' id='word_1_170' title='bbox 689 2396 738 2450; x_wconf 73' lang='lat'><strong>430</strong></span> 
     </span>
     <span class='ocr_line' id='line_1_34' title="bbox 102 2466 574 2520; baseline -0.011 -2"><span class='ocrx_word' id='word_1_171' title='bbox 102 2469 189 2520; x_wconf 84' lang='lat' dir='ltr'><strong>labat:</strong></span> <span class='ocrx_word' id='word_1_172' title='bbox 205 2468 254 2519; x_wconf 87' lang='lat' dir='ltr'><strong>sed</strong></span> <span class='ocrx_word' id='word_1_173' title='bbox 264 2469 367 2520; x_wconf 82' lang='lat' dir='ltr'><strong>viribus</strong></span> <span class='ocrx_word' id='word_1_174' title='bbox 377 2468 449 2518; x_wconf 86' lang='lat' dir='ltr'><strong>ensis</strong></span> <span class='ocrx_word' id='word_1_175' title='bbox 461 2466 574 2516; x_wconf 84' lang='lat' dir='ltr'><strong>adactus</strong></span> 
     </span>
     <span class='ocr_line' id='line_1_35' title="bbox 102 2532 599 2600; baseline -0.01 -16"><span class='ocrx_word' id='word_1_176' title='bbox 102 2544 192 2600; x_wconf 87' lang='lat' dir='ltr'><strong>ostas,</strong></span> <span class='ocrx_word' id='word_1_177' title='bbox 204 2543 233 2588; x_wconf 90' lang='lat' dir='ltr'><strong>et</strong></span> <span class='ocrx_word' id='word_1_178' title='bbox 243 2537 359 2586; x_wconf 82' lang='lat' dir='ltr'><strong>candida</strong></span> <span class='ocrx_word' id='word_1_179' title='bbox 368 2541 481 2599; x_wconf 88' lang='lat' dir='ltr'><strong>pectora</strong></span> <span class='ocrx_word' id='word_1_180' title='bbox 490 2532 599 2596; x_wconf 90' lang='lat' dir='ltr'><strong>rumpit.</strong></span> 
     </span>
     <span class='ocr_line' id='line_1_36' title="bbox 102 2598 610 2674; baseline -0.018 -16"><span class='ocrx_word' id='word_1_181' title='bbox 102 2607 196 2674; x_wconf 84' lang='lat' dir='ltr'><strong>ryalus</strong></span> <span class='ocrx_word' id='word_1_182' title='bbox 207 2607 272 2667; x_wconf 87' lang='lat' dir='ltr'><strong>leto,</strong></span> <span class='ocrx_word' id='word_1_183' title='bbox 282 2601 463 2669; x_wconf 87' lang='lat' dir='ltr'><strong>pulchrosque</strong></span> <span class='ocrx_word' id='word_1_184' title='bbox 474 2616 523 2668; x_wconf 88' lang='lat' dir='ltr'><strong>per</strong></span> <span class='ocrx_word' id='word_1_185' title='bbox 534 2598 610 2650; x_wconf 85' lang='lat' dir='ltr'><strong>artus</strong></span> 
     </span>
     <span class='ocr_line' id='line_1_37' title="bbox 102 2668 665 2747; baseline -0.02 -18"><span class='ocrx_word' id='word_1_186' title='bbox 102 2692 140 2747; x_wconf 83' lang='lat' dir='ltr'><strong>ue</strong></span> <span class='ocrx_word' id='word_1_187' title='bbox 151 2675 280 2730; x_wconf 86' lang='lat' dir='ltr'><strong>humeros</strong></span> <span class='ocrx_word' id='word_1_188' title='bbox 291 2673 382 2726; x_wconf 78' lang='lat' dir='ltr'><strong>ceruix</strong></span> <span class='ocrx_word' id='word_1_189' title='bbox 392 2670 513 2736; x_wconf 76' lang='lat' dir='ltr'><strong>csrllspsa</strong></span> <span class='ocrx_word' id='word_1_190' title='bbox 523 2668 665 2720; x_wconf 86' lang='lat' dir='ltr'><strong>recumbit.</strong></span> 
     </span>
    </p>
   </div>
   <div class='ocr_carea' id='block_1_3' title="bbox 0 0 946 3052">
    <p class='ocr_par' dir='ltr' id='par_1_4' title="bbox 0 0 946 3052">
     <span class='ocr_line' id='line_1_38' title="bbox 0 0 946 3052; baseline 0 0"><span class='ocrx_word' id='word_1_191' title='bbox 0 0 946 3052; x_wconf 95' lang='lat' dir='ltr'><strong> </strong></span> 
     </span>
    </p>
   </div>
  </div>
 </body>
</html>
