<?xml version="1.0" encoding="UTF-8"?>
<!DOCTYPE html PUBLIC "-//W3C//DTD XHTML 1.0 Transitional//EN"
    "http://www.w3.org/TR/xhtml1/DTD/xhtml1-transitional.dtd">
<html xmlns="http://www.w3.org/1999/xhtml" xml:lang="en" lang="en">
 <head>
  <title>
</title>
<meta http-equiv="Content-Type" content="text/html;charset=utf-8" />
  <meta name='ocr-system' content='tesseract 3.04.00' />
  <meta name='ocr-capabilities' content='ocr_page ocr_carea ocr_par ocr_line ocrx_word'/>
</head>
<body>
  <div class='ocr_page' id='page_1' title='image "./pvirgiliimaroni02virggoog_0085.png"; bbox 0 0 1882 3052; ppageno 0'>
   <div class='ocr_carea' id='block_1_1' title="bbox 45 105 776 212">
    <p class='ocr_par' dir='ltr' id='par_1_1' title="bbox 45 105 776 212">
     <span class='ocr_line' id='line_1_1' title="bbox 45 105 776 212; baseline -0.01 1"><span class='ocrx_word' id='word_1_1' title='bbox 45 105 56 128; x_wconf 52' lang='lat'><strong>¹</strong></span> <span class='ocrx_word' id='word_1_2' title='bbox 143 161 178 212; x_wconf 83' lang='lat' dir='ltr'>uo</span> <span class='ocrx_word' id='word_1_3' title='bbox 300 157 329 210; x_wconf 84' lang='lat' dir='ltr'>r.</span> <span class='ocrx_word' id='word_1_4' title='bbox 349 157 534 209; x_wconf 79' lang='lat' dir='ltr'>vinerurr</span> <span class='ocrx_word' id='word_1_5' title='bbox 557 114 776 210; x_wconf 72' lang='lat' dir='ltr'>ursonis</span> 
     </span>
    </p>
   </div>
   <div class='ocr_carea' id='block_1_2' title="bbox 8 258 879 2395">
    <p class='ocr_par' dir='ltr' id='par_1_2' title="bbox 144 258 874 330">
     <span class='ocr_line' id='line_1_2' title="bbox 144 258 874 330; baseline -0.014 -16"><span class='ocrx_word' id='word_1_6' title='bbox 144 263 295 330; x_wconf 80' lang='lat' dir='ltr'>Postquam</span> <span class='ocrx_word' id='word_1_7' title='bbox 305 261 386 313; x_wconf 88' lang='lat' dir='ltr'>estin</span> <span class='ocrx_word' id='word_1_8' title='bbox 397 259 512 311; x_wconf 87' lang='lat' dir='ltr'>thalami</span> <span class='ocrx_word' id='word_1_9' title='bbox 522 260 671 326; x_wconf 77' lang='lat' dir='ltr'>pendentia</span> <span class='ocrx_word' id='word_1_10' title='bbox 681 258 792 324; x_wconf 82' lang='lat' dir='ltr'><strong>pumice</strong></span> <span class='ocrx_word' id='word_1_11' title='bbox 801 261 874 309; x_wconf 81' lang='lat' dir='ltr'>tecta</span> 
     </span>
    </p>

    <p class='ocr_par' dir='ltr' id='par_1_3' title="bbox 83 329 862 670">
     <span class='ocr_line' id='line_1_3' title="bbox 83 329 794 412; baseline -0.011 -28"><span class='ocrx_word' id='word_1_12' title='bbox 83 344 133 412; x_wconf 73' lang='lat'>575</span> <span class='ocrx_word' id='word_1_13' title='bbox 143 331 324 393; x_wconf 81' lang='lat' dir='ltr'><strong>Perventum,</strong></span> <span class='ocrx_word' id='word_1_14' title='bbox 335 336 364 382; x_wconf 88' lang='lat' dir='ltr'>et</span> <span class='ocrx_word' id='word_1_15' title='bbox 373 331 451 397; x_wconf 88' lang='lat' dir='ltr'>gnati</span> <span class='ocrx_word' id='word_1_16' title='bbox 461 329 544 380; x_wconf 87' lang='lat' dir='ltr'>fletus</span> <span class='ocrx_word' id='word_1_17' title='bbox 555 329 685 395; x_wconf 81' lang='lat' dir='ltr'>cognorit</span> <span class='ocrx_word' id='word_1_18' title='bbox 693 330 794 379; x_wconf 87' lang='lat' dir='ltr'>inanes</span> 
     </span>
     <span class='ocr_line' id='line_1_4' title="bbox 144 396 850 467; baseline -0.004 -16"><span class='ocrx_word' id='word_1_19' title='bbox 144 400 267 467; x_wconf 84' lang='lat' dir='ltr'>Cyrene:</span> <span class='ocrx_word' id='word_1_20' title='bbox 281 401 408 452; x_wconf 85' lang='lat' dir='ltr'>manibus</span> <span class='ocrx_word' id='word_1_21' title='bbox 418 398 538 464; x_wconf 88' lang='lat' dir='ltr'>liquidos</span> <span class='ocrx_word' id='word_1_22' title='bbox 549 398 617 448; x_wconf 88' lang='lat' dir='ltr'>dant</span> <span class='ocrx_word' id='word_1_23' title='bbox 627 397 726 448; x_wconf 84' lang='lat' dir='ltr'>ordine</span> <span class='ocrx_word' id='word_1_24' title='bbox 738 396 830 448; x_wconf 84' lang='lat' dir='ltr'>fontes</span> <span class='ocrx_word' id='word_1_25' title='bbox 846 406 850 415; x_wconf 84' lang='grc'><strong>’</strong></span> 
     </span>
     <span class='ocr_line' id='line_1_5' title="bbox 144 465 812 534; baseline -0.007 -14"><span class='ocrx_word' id='word_1_26' title='bbox 144 469 314 531; x_wconf 82' lang='lat' dir='ltr'>Germanae,</span> <span class='ocrx_word' id='word_1_27' title='bbox 324 469 468 534; x_wconf 87' lang='lat' dir='ltr'>tonsisque</span> <span class='ocrx_word' id='word_1_28' title='bbox 479 465 575 518; x_wconf 86' lang='lat' dir='ltr'>ferunt</span> <span class='ocrx_word' id='word_1_29' title='bbox 584 466 718 517; x_wconf 86' lang='lat' dir='ltr'>mantelia</span> <span class='ocrx_word' id='word_1_30' title='bbox 727 465 812 516; x_wconf 82' lang='lat' dir='ltr'>villis.</span> 
     </span>
     <span class='ocr_line' id='line_1_6' title="bbox 144 534 862 604; baseline -0.007 -14"><span class='ocrx_word' id='word_1_31' title='bbox 144 538 214 590; x_wconf 88' lang='lat' dir='ltr'>Pars</span> <span class='ocrx_word' id='word_1_32' title='bbox 224 537 314 604; x_wconf 90' lang='lat' dir='ltr'>epulis</span> <span class='ocrx_word' id='word_1_33' title='bbox 325 543 443 588; x_wconf 87' lang='lat' dir='ltr'>onerant</span> <span class='ocrx_word' id='word_1_34' title='bbox 454 550 575 598; x_wconf 90' lang='lat' dir='ltr'>mensas,</span> <span class='ocrx_word' id='word_1_35' title='bbox 587 542 616 587; x_wconf 88' lang='lat' dir='ltr'>et</span> <span class='ocrx_word' id='word_1_36' title='bbox 626 534 709 600; x_wconf 87' lang='lat' dir='ltr'>plena</span> <span class='ocrx_word' id='word_1_37' title='bbox 718 538 862 601; x_wconf 81' lang='lat' dir='ltr'>reponunt</span> 
     </span>
     <span class='ocr_line' id='line_1_7' title="bbox 144 603 853 670; baseline -0.011 -12"><span class='ocrx_word' id='word_1_38' title='bbox 144 606 250 658; x_wconf 86' lang='lat' dir='ltr'>Pocula</span> <span class='ocrx_word' id='word_1_39' title='bbox 255 623 263 669; x_wconf 92' lang='lat'>;</span> <span class='ocrx_word' id='word_1_40' title='bbox 278 604 429 657; x_wconf 77' lang='lat' dir='ltr'><strong>Panchaeis</strong></span> <span class='ocrx_word' id='word_1_41' title='bbox 440 604 605 655; x_wconf 86' lang='lat' dir='ltr'>adolescunt</span> <span class='ocrx_word' id='word_1_42' title='bbox 613 603 723 670; x_wconf 86' lang='lat' dir='ltr'>ignibus</span> <span class='ocrx_word' id='word_1_43' title='bbox 733 618 808 655; x_wconf 88' lang='lat' dir='ltr'>arae.</span> <span class='ocrx_word' id='word_1_44' title='bbox 851 646 853 650; x_wconf 83' lang='lat'><em>.</em></span> 
     </span>
    </p>

    <p class='ocr_par' dir='ltr' id='par_1_4' title="bbox 85 670 879 1016">
     <span class='ocr_line' id='line_1_8' title="bbox 85 670 797 741; baseline -0.006 -15"><span class='ocrx_word' id='word_1_45' title='bbox 85 682 136 738; x_wconf 74' lang='lat'>580</span> <span class='ocrx_word' id='word_1_46' title='bbox 144 675 181 726; x_wconf 86' lang='lat' dir='ltr'>Et</span> <span class='ocrx_word' id='word_1_47' title='bbox 190 679 293 736; x_wconf 87' lang='lat' dir='ltr'>mater,</span> <span class='ocrx_word' id='word_1_48' title='bbox 305 675 379 741; x_wconf 82' lang='lat' dir='ltr'>Cape</span> <span class='ocrx_word' id='word_1_49' title='bbox 391 675 514 727; x_wconf 82' lang='lat' dir='ltr'>Maeonii</span> <span class='ocrx_word' id='word_1_50' title='bbox 523 671 668 724; x_wconf 85' lang='lat' dir='ltr'>carehesia</span> <span class='ocrx_word' id='word_1_51' title='bbox 677 670 797 735; x_wconf 85' lang='lat' dir='ltr'>Bacchi;</span> 
     </span>
     <span class='ocr_line' id='line_1_9' title="bbox 145 738 779 808; baseline -0.006 -13"><span class='ocrx_word' id='word_1_52' title='bbox 145 745 257 795; x_wconf 86' lang='lat' dir='ltr'>Oceano</span> <span class='ocrx_word' id='word_1_53' title='bbox 268 738 398 806; x_wconf 88' lang='lat' dir='ltr'>lib&#39;emus,</span> <span class='ocrx_word' id='word_1_54' title='bbox 409 745 456 794; x_wconf 91' lang='lat' dir='ltr'>ait.</span> <span class='ocrx_word' id='word_1_55' title='bbox 478 741 567 793; x_wconf 87' lang='lat' dir='ltr'>Simul</span> <span class='ocrx_word' id='word_1_56' title='bbox 576 745 636 808; x_wconf 89' lang='lat' dir='ltr'>ipsa</span> <span class='ocrx_word' id='word_1_57' title='bbox 645 747 779 808; x_wconf 82' lang='lat' dir='ltr'>precatur</span> 
     </span>
     <span class='ocr_line' id='line_1_10' title="bbox 145 808 879 885; baseline 0.001 -22"><span class='ocrx_word' id='word_1_58' title='bbox 145 814 341 878; x_wconf 85' lang='lat' dir='ltr'>Oceanumque</span> <span class='ocrx_word' id='word_1_59' title='bbox 351 818 459 885; x_wconf 86' lang='lat' dir='ltr'>patrem</span> <span class='ocrx_word' id='word_1_60' title='bbox 470 827 573 873; x_wconf 89' lang='lat' dir='ltr'>rerum,</span> <span class='ocrx_word' id='word_1_61' title='bbox 578 808 779 877; x_wconf 88' lang='lat' dir='ltr'>Nymphasque</span> <span class='ocrx_word' id='word_1_62' title='bbox 785 825 879 864; x_wconf 84' lang='lat' dir='ltr'>sorore</span> 
     </span>
     <span class='ocr_line' id='line_1_11' title="bbox 146 878 879 947; baseline 0 -16"><span class='ocrx_word' id='word_1_63' title='bbox 146 881 263 931; x_wconf 90' lang='lat' dir='ltr'>Centum</span> <span class='ocrx_word' id='word_1_64' title='bbox 274 894 344 946; x_wconf 86' lang='lat' dir='ltr'>quae</span> <span class='ocrx_word' id='word_1_65' title='bbox 354 882 445 943; x_wconf 85' lang='lat' dir='ltr'>silvas,</span> <span class='ocrx_word' id='word_1_66' title='bbox 457 886 568 931; x_wconf 85' lang='lat' dir='ltr'>eentum</span> <span class='ocrx_word' id='word_1_67' title='bbox 579 893 650 947; x_wconf 88' lang='lat' dir='ltr'>quae</span> <span class='ocrx_word' id='word_1_68' title='bbox 659 878 776 943; x_wconf 60' lang='lat' dir='ltr'>flumina</span> <span class='ocrx_word' id='word_1_69' title='bbox 785 896 879 932; x_wconf 83' lang='lat' dir='ltr'>servan</span> 
     </span>
     <span class='ocr_line' id='line_1_12' title="bbox 145 948 870 1016; baseline 0 -16"><span class='ocrx_word' id='word_1_70' title='bbox 145 950 202 1000; x_wconf 87' lang='lat' dir='ltr'>Ter</span> <span class='ocrx_word' id='word_1_71' title='bbox 210 950 316 1016; x_wconf 86' lang='lat' dir='ltr'>liquido</span> <span class='ocrx_word' id='word_1_72' title='bbox 328 948 472 1001; x_wconf 84' lang='lat' dir='ltr'>ardentem</span> <span class='ocrx_word' id='word_1_73' title='bbox 483 948 608 1015; x_wconf 89' lang='lat' dir='ltr'>perfudit</span> <span class='ocrx_word' id='word_1_74' title='bbox 616 954 729 1000; x_wconf 85' lang='lat' dir='ltr'>nectare</span> <span class='ocrx_word' id='word_1_75' title='bbox 738 950 870 1001; x_wconf 84' lang='lat' dir='ltr'>Vestam:</span> 
     </span>
    </p>

    <p class='ocr_par' dir='ltr' id='par_1_5' title="bbox 85 1016 849 1154">
     <span class='ocr_line' id='line_1_13' title="bbox 85 1016 849 1084; baseline 0.003 -16"><span class='ocrx_word' id='word_1_76' title='bbox 85 1029 135 1084; x_wconf 77' lang='lat'>585</span> <span class='ocrx_word' id='word_1_77' title='bbox 145 1019 201 1069; x_wconf 88' lang='lat' dir='ltr'>Ter</span> <span class='ocrx_word' id='word_1_78' title='bbox 210 1016 321 1069; x_wconf 84' lang='lat' dir='ltr'>flamma</span> <span class='ocrx_word' id='word_1_79' title='bbox 330 1018 366 1069; x_wconf 89' lang='lat' dir='ltr'>ad</span> <span class='ocrx_word' id='word_1_80' title='bbox 375 1024 513 1070; x_wconf 82' lang='lat' dir='ltr'>summum</span> <span class='ocrx_word' id='word_1_81' title='bbox 522 1020 591 1070; x_wconf 87' lang='lat' dir='ltr'>teeti</span> <span class='ocrx_word' id='word_1_82' title='bbox 601 1018 726 1070; x_wconf 87' lang='lat' dir='ltr'>subiecta</span> <span class='ocrx_word' id='word_1_83' title='bbox 735 1018 849 1070; x_wconf 77' lang='lat' dir='ltr'>reluxit</span> 
     </span>
     <span class='ocr_line' id='line_1_14' title="bbox 146 1088 821 1154; baseline 0 -15"><span class='ocrx_word' id='word_1_84' title='bbox 146 1088 245 1139; x_wconf 83' lang='lat' dir='ltr'>Omine</span> <span class='ocrx_word' id='word_1_85' title='bbox 256 1102 310 1154; x_wconf 92' lang='lat' dir='ltr'>quo</span> <span class='ocrx_word' id='word_1_86' title='bbox 321 1089 435 1138; x_wconf 89' lang='lat' dir='ltr'>firmans</span> <span class='ocrx_word' id='word_1_87' title='bbox 445 1090 580 1149; x_wconf 91' lang='lat' dir='ltr'>animum,</span> <span class='ocrx_word' id='word_1_88' title='bbox 591 1089 632 1138; x_wconf 87' lang='lat' dir='ltr'>sic</span> <span class='ocrx_word' id='word_1_89' title='bbox 640 1089 739 1154; x_wconf 84' lang='lat' dir='ltr'>incipit</span> <span class='ocrx_word' id='word_1_90' title='bbox 747 1089 821 1154; x_wconf 87' lang='lat' dir='ltr'>ipsa:</span> 
     </span>
    </p>

    <p class='ocr_par' dir='ltr' id='par_1_6' title="bbox 145 1156 879 1361">
     <span class='ocr_line' id='line_1_15' title="bbox 179 1156 768 1224; baseline 0.002 -16"><span class='ocrx_word' id='word_1_91' title='bbox 179 1159 231 1208; x_wconf 88' lang='lat' dir='ltr'>Est</span> <span class='ocrx_word' id='word_1_92' title='bbox 239 1157 268 1206; x_wconf 89' lang='lat' dir='ltr'>in</span> <span class='ocrx_word' id='word_1_93' title='bbox 279 1156 428 1222; x_wconf 85' lang='lat' dir='ltr'>Carpathio</span> <span class='ocrx_word' id='word_1_94' title='bbox 438 1156 561 1223; x_wconf 88' lang='lat' dir='ltr'>Neptuni</span> <span class='ocrx_word' id='word_1_95' title='bbox 570 1159 680 1224; x_wconf 83' lang='lat' dir='ltr'>gurgite</span> <span class='ocrx_word' id='word_1_96' title='bbox 690 1162 768 1209; x_wconf 84' lang='lat' dir='ltr'>vates</span> 
     </span>
     <span class='ocr_line' id='line_1_16' title="bbox 146 1224 879 1295; baseline 0.004 -19"><span class='ocrx_word' id='word_1_97' title='bbox 146 1225 298 1277; x_wconf 83' lang='lat' dir='ltr'>Caeruleus</span> <span class='ocrx_word' id='word_1_98' title='bbox 309 1224 440 1288; x_wconf 87' lang='lat' dir='ltr'>Proteus,</span> <span class='ocrx_word' id='word_1_99' title='bbox 449 1241 580 1293; x_wconf 86' lang='lat' dir='ltr'>magnum</span> <span class='ocrx_word' id='word_1_100' title='bbox 593 1227 639 1292; x_wconf 91' lang='lat' dir='ltr'>qui</span> <span class='ocrx_word' id='word_1_101' title='bbox 649 1227 772 1293; x_wconf 78' lang='lat' dir='ltr'>piscibus</span> <span class='ocrx_word' id='word_1_102' title='bbox 782 1241 879 1295; x_wconf 88' lang='lat' dir='ltr'>aequor</span> 
     </span>
     <span class='ocr_line' id='line_1_17' title="bbox 145 1295 804 1361; baseline -0.002 -15"><span class='ocrx_word' id='word_1_103' title='bbox 145 1295 182 1346; x_wconf 85' lang='lat' dir='ltr'>Et</span> <span class='ocrx_word' id='word_1_104' title='bbox 191 1296 286 1345; x_wconf 86' lang='lat' dir='ltr'>iuncto</span> <span class='ocrx_word' id='word_1_105' title='bbox 295 1295 427 1360; x_wconf 87' lang='lat' dir='ltr'>bipedum</span> <span class='ocrx_word' id='word_1_106' title='bbox 438 1311 522 1347; x_wconf 89' lang='lat' dir='ltr'>curru</span> <span class='ocrx_word' id='word_1_107' title='bbox 532 1297 804 1361; x_wconf 75' lang='lat' dir='ltr'>metitunequoruur.</span> 
     </span>
    </p>

    <p class='ocr_par' dir='ltr' id='par_1_7' title="bbox 84 1363 879 1690">
     <span class='ocr_line' id='line_1_18' title="bbox 84 1363 837 1443; baseline 0 -29"><span class='ocrx_word' id='word_1_108' title='bbox 84 1376 136 1443; x_wconf 74' lang='lat'>590</span> <span class='ocrx_word' id='word_1_109' title='bbox 144 1363 198 1414; x_wconf 86' lang='lat' dir='ltr'>Hic</span> <span class='ocrx_word' id='word_1_110' title='bbox 210 1379 282 1414; x_wconf 87' lang='lat' dir='ltr'>nunc</span> <span class='ocrx_word' id='word_1_111' title='bbox 292 1363 437 1417; x_wconf 82' lang='lat' dir='ltr'>Emathiae</span> <span class='ocrx_word' id='word_1_112' title='bbox 448 1369 546 1430; x_wconf 86' lang='lat' dir='ltr'>portus</span> <span class='ocrx_word' id='word_1_113' title='bbox 555 1365 729 1434; x_wconf 86' lang='lat' dir='ltr'>patriamque</span> <span class='ocrx_word' id='word_1_114' title='bbox 738 1366 837 1416; x_wconf 87' lang='lat' dir='ltr'>revisit</span> 
     </span>
     <span class='ocr_line' id='line_1_19' title="bbox 144 1432 879 1501; baseline 0.001 -18"><span class='ocrx_word' id='word_1_115' title='bbox 144 1432 286 1484; x_wconf 87' lang='lat' dir='ltr'>Pallenen.</span> <span class='ocrx_word' id='word_1_116' title='bbox 308 1433 390 1485; x_wconf 86' lang='lat' dir='ltr'>Hunc</span> <span class='ocrx_word' id='word_1_117' title='bbox 402 1440 431 1486; x_wconf 90' lang='lat' dir='ltr'>et</span> <span class='ocrx_word' id='word_1_118' title='bbox 440 1432 588 1501; x_wconf 88' lang='lat' dir='ltr'>Nymphae</span> <span class='ocrx_word' id='word_1_119' title='bbox 598 1448 778 1497; x_wconf 87' lang='lat' dir='ltr'>veneramur,</span> <span class='ocrx_word' id='word_1_120' title='bbox 790 1435 879 1500; x_wconf 77' lang='lat' dir='ltr'>etipse</span> 
     </span>
     <span class='ocr_line' id='line_1_20' title="bbox 144 1501 872 1569; baseline 0.003 -17"><span class='ocrx_word' id='word_1_121' title='bbox 144 1501 325 1554; x_wconf 81' lang='lat' dir='ltr'>Grandaerus</span> <span class='ocrx_word' id='word_1_122' title='bbox 334 1501 455 1565; x_wconf 80' lang='lat' dir='ltr'>Nereus3</span> <span class='ocrx_word' id='word_1_123' title='bbox 470 1504 548 1552; x_wconf 85' lang='lat' dir='ltr'>nevit</span> <span class='ocrx_word' id='word_1_124' title='bbox 556 1517 675 1569; x_wconf 85' lang='lat' dir='ltr'>numque</span> <span class='ocrx_word' id='word_1_125' title='bbox 685 1504 779 1568; x_wconf 81' lang='lat' dir='ltr'>orrrnia</span> <span class='ocrx_word' id='word_1_126' title='bbox 788 1510 872 1565; x_wconf 85' lang='lat' dir='ltr'>rates,</span> 
     </span>
     <span class='ocr_line' id='line_1_21' title="bbox 144 1570 860 1690; baseline 0.006 -70"><span class='ocrx_word' id='word_1_127' title='bbox 144 1570 222 1632; x_wconf 75' lang='lat' dir='ltr'>Quae</span> <span class='ocrx_word' id='word_1_128' title='bbox 232 1572 300 1634; x_wconf 88' lang='lat' dir='ltr'>sint,</span> <span class='ocrx_word' id='word_1_129' title='bbox 310 1586 382 1638; x_wconf 86' lang='lat' dir='ltr'>quae</span> <span class='ocrx_word' id='word_1_130' title='bbox 392 1571 509 1634; x_wconf 85' lang='lat' dir='ltr'>fuerint,</span> <span class='ocrx_word' id='word_1_131' title='bbox 520 1586 590 1690; x_wconf 53' lang='lat' dir='ltr'>qusse</span> <span class='ocrx_word' id='word_1_132' title='bbox 601 1587 667 1623; x_wconf 85' lang='lat' dir='ltr'>mcx</span> <span class='ocrx_word' id='word_1_133' title='bbox 676 1576 796 1627; x_wconf 82' lang='lat' dir='ltr'>ventura</span> <span class='ocrx_word' id='word_1_134' title='bbox 805 1578 860 1624; x_wconf 85' lang='lat' dir='ltr'>tra-</span> 
     </span>
    </p>

    <p class='ocr_par' dir='ltr' id='par_1_8' title="bbox 143 1647 842 1776">
     <span class='ocr_line' id='line_1_22' title="bbox 577 1647 668 1691; baseline -0.011 0"><span class='ocrx_word' id='word_1_135' title='bbox 577 1647 668 1691; x_wconf 88' lang='lat' dir='ltr'>antur.</span> 
     </span>
     <span class='ocr_line' id='line_1_23' title="bbox 143 1708 842 1776; baseline 0.007 -19"><span class='ocrx_word' id='word_1_136' title='bbox 143 1708 252 1774; x_wconf 77' lang='lat' dir='ltr'>Quippe</span> <span class='ocrx_word' id='word_1_137' title='bbox 262 1711 303 1760; x_wconf 88' lang='lat' dir='ltr'>ita</span> <span class='ocrx_word' id='word_1_138' title='bbox 312 1708 443 1776; x_wconf 90' lang='lat' dir='ltr'>Neptuno</span> <span class='ocrx_word' id='word_1_139' title='bbox 452 1710 542 1760; x_wconf 86' lang='lat' dir='ltr'>visum</span> <span class='ocrx_word' id='word_1_140' title='bbox 552 1715 606 1761; x_wconf 89' lang='lat' dir='ltr'>est:</span> <span class='ocrx_word' id='word_1_141' title='bbox 621 1711 752 1762; x_wconf 89' lang='lat' dir='ltr'>immania</span> <span class='ocrx_word' id='word_1_142' title='bbox 763 1713 842 1764; x_wconf 88' lang='lat' dir='ltr'>cuius</span> 
     </span>
    </p>

    <p class='ocr_par' dir='ltr' id='par_1_9' title="bbox 83 1778 879 1986">
     <span class='ocr_line' id='line_1_24' title="bbox 83 1778 824 1854; baseline 0.007 -27"><span class='ocrx_word' id='word_1_143' title='bbox 83 1785 133 1854; x_wconf 78' lang='lat'>595</span> <span class='ocrx_word' id='word_1_144' title='bbox 143 1778 276 1828; x_wconf 80' lang='lat' dir='ltr'>Armenta</span> <span class='ocrx_word' id='word_1_145' title='bbox 286 1783 315 1828; x_wconf 88' lang='lat' dir='ltr'>et</span> <span class='ocrx_word' id='word_1_146' title='bbox 324 1783 420 1845; x_wconf 82' lang='lat' dir='ltr'>turpes</span> <span class='ocrx_word' id='word_1_147' title='bbox 431 1780 519 1845; x_wconf 90' lang='lat' dir='ltr'>pascit</span> <span class='ocrx_word' id='word_1_148' title='bbox 528 1780 579 1829; x_wconf 90' lang='lat' dir='ltr'>sub</span> <span class='ocrx_word' id='word_1_149' title='bbox 590 1781 701 1846; x_wconf 81' lang='lat' dir='ltr'>gurgite</span> <span class='ocrx_word' id='word_1_150' title='bbox 712 1779 824 1846; x_wconf 87' lang='lat' dir='ltr'>phocas.</span> 
     </span>
     <span class='ocr_line' id='line_1_25' title="bbox 143 1844 879 1914; baseline 0.005 -18"><span class='ocrx_word' id='word_1_151' title='bbox 143 1844 198 1896; x_wconf 88' lang='lat' dir='ltr'>Hic</span> <span class='ocrx_word' id='word_1_152' title='bbox 207 1845 271 1907; x_wconf 88' lang='lat' dir='ltr'>tibi,</span> <span class='ocrx_word' id='word_1_153' title='bbox 281 1851 359 1907; x_wconf 89' lang='lat' dir='ltr'>nate,</span> <span class='ocrx_word' id='word_1_154' title='bbox 369 1846 446 1912; x_wconf 88' lang='lat' dir='ltr'>prius</span> <span class='ocrx_word' id='word_1_155' title='bbox 456 1846 553 1897; x_wconf 81' lang='lat' dir='ltr'>vinclis</span> <span class='ocrx_word' id='word_1_156' title='bbox 564 1850 729 1914; x_wconf 89' lang='lat' dir='ltr'>capiundus,</span> <span class='ocrx_word' id='word_1_157' title='bbox 740 1855 773 1900; x_wconf 87' lang='lat' dir='ltr'>ut</span> <span class='ocrx_word' id='word_1_158' title='bbox 784 1863 879 1901; x_wconf 86' lang='lat' dir='ltr'>omnen</span> 
     </span>
     <span class='ocr_line' id='line_1_26' title="bbox 142 1912 858 1986; baseline 0.01 -23"><span class='ocrx_word' id='word_1_159' title='bbox 142 1912 282 1979; x_wconf 82' lang='lat' dir='ltr'>Expediet</span> <span class='ocrx_word' id='word_1_160' title='bbox 290 1915 380 1964; x_wconf 88' lang='lat' dir='ltr'>morbi</span> <span class='ocrx_word' id='word_1_161' title='bbox 389 1929 526 1977; x_wconf 88' lang='lat' dir='ltr'>caussam,</span> <span class='ocrx_word' id='word_1_162' title='bbox 538 1922 707 1986; x_wconf 88' lang='lat' dir='ltr'>eventusque</span> <span class='ocrx_word' id='word_1_163' title='bbox 717 1920 858 1970; x_wconf 80' lang='lat' dir='ltr'>secundet</span> 
     </span>
    </p>

    <p class='ocr_par' dir='ltr' id='par_1_10' title="bbox 8 1981 879 2124">
     <span class='ocr_line' id='line_1_27' title="bbox 8 1981 879 2056; baseline 0.01 -27"><span class='ocrx_word' id='word_1_164' title='bbox 8 2023 11 2043; x_wconf 78' lang='grc'><strong>,</strong></span> <span class='ocrx_word' id='word_1_165' title='bbox 98 2004 102 2011; x_wconf 88' lang='grc'><strong><em>·</em></strong></span> <span class='ocrx_word' id='word_1_166' title='bbox 142 1981 213 2031; x_wconf 87' lang='lat' dir='ltr'>Nam</span> <span class='ocrx_word' id='word_1_167' title='bbox 225 1982 321 2030; x_wconf 84' lang='lat' dir='ltr'>sineri</span> <span class='ocrx_word' id='word_1_168' title='bbox 331 1995 387 2031; x_wconf 85' lang='lat' dir='ltr'>non</span> <span class='ocrx_word' id='word_1_169' title='bbox 397 1982 457 2033; x_wconf 93' lang='lat' dir='ltr'>ulla</span> <span class='ocrx_word' id='word_1_170' title='bbox 466 1983 544 2034; x_wconf 90' lang='lat' dir='ltr'>dabit</span> <span class='ocrx_word' id='word_1_171' title='bbox 553 1994 710 2054; x_wconf 88' lang='lat' dir='ltr'>praecepta,</span> <span class='ocrx_word' id='word_1_172' title='bbox 721 2004 812 2056; x_wconf 88' lang='lat' dir='ltr'>neque</span> <span class='ocrx_word' id='word_1_173' title='bbox 822 1987 879 2039; x_wconf 86' lang='lat' dir='ltr'>illur</span> 
     </span>
     <span class='ocr_line' id='line_1_28' title="bbox 142 2047 809 2124; baseline 0.018 -26"><span class='ocrx_word' id='word_1_174' title='bbox 142 2049 255 2099; x_wconf 86' lang='lat' dir='ltr'>Orandc</span> <span class='ocrx_word' id='word_1_175' title='bbox 268 2047 376 2112; x_wconf 78' lang='lat' dir='ltr'>flectes3</span> <span class='ocrx_word' id='word_1_176' title='bbox 391 2051 446 2101; x_wconf 85' lang='lat' dir='ltr'>vim</span> <span class='ocrx_word' id='word_1_177' title='bbox 457 2052 555 2104; x_wconf 88' lang='lat' dir='ltr'>duram</span> <span class='ocrx_word' id='word_1_178' title='bbox 567 2061 596 2106; x_wconf 83' lang='lat' dir='ltr'>et</span> <span class='ocrx_word' id='word_1_179' title='bbox 605 2057 716 2108; x_wconf 87' lang='lat' dir='ltr'>vincula</span> <span class='ocrx_word' id='word_1_180' title='bbox 727 2063 809 2124; x_wconf 86' lang='lat' dir='ltr'>capto</span> 
     </span>
    </p>

    <p class='ocr_par' dir='ltr' id='par_1_11' title="bbox 81 2116 879 2395">
     <span class='ocr_line' id='line_1_29' title="bbox 81 2116 879 2192; baseline 0.013 -24"><span class='ocrx_word' id='word_1_181' title='bbox 81 2121 133 2174; x_wconf 75' lang='lat'>400</span> <span class='ocrx_word' id='word_1_182' title='bbox 142 2117 252 2173; x_wconf 75' lang='lat' dir='ltr'>Tender</span> <span class='ocrx_word' id='word_1_183' title='bbox 262 2116 319 2168; x_wconf 88' lang='lat' dir='ltr'>dcli</span> <span class='ocrx_word' id='word_1_184' title='bbox 325 2118 429 2170; x_wconf 87' lang='lat' dir='ltr'>circum</span> <span class='ocrx_word' id='word_1_185' title='bbox 435 2118 502 2172; x_wconf 91' lang='lat' dir='ltr'>haec</span> <span class='ocrx_word' id='word_1_186' title='bbox 508 2122 619 2175; x_wconf 84' lang='lat' dir='ltr'>demum</span> <span class='ocrx_word' id='word_1_187' title='bbox 625 2125 879 2192; x_wconf 81' lang='lat' dir='ltr'>frangenturinane</span> 
     </span>
     <span class='ocr_line' id='line_1_30' title="bbox 141 2187 866 2258; baseline 0.011 -20"><span class='ocrx_word' id='word_1_188' title='bbox 141 2187 205 2251; x_wconf 81' lang='lat' dir='ltr'>ipsa</span> <span class='ocrx_word' id='word_1_189' title='bbox 214 2200 266 2251; x_wconf 86' lang='lat' dir='ltr'>ego</span> <span class='ocrx_word' id='word_1_190' title='bbox 276 2190 317 2247; x_wconf 90' lang='lat' dir='ltr'>tc,</span> <span class='ocrx_word' id='word_1_191' title='bbox 327 2187 434 2239; x_wconf 89' lang='lat' dir='ltr'>medios</span> <span class='ocrx_word' id='word_1_192' title='bbox 445 2205 529 2256; x_wconf 92' lang='lat' dir='ltr'>quum</span> <span class='ocrx_word' id='word_1_193' title='bbox 539 2192 583 2242; x_wconf 85' lang='lat' dir='ltr'>sol</span> <span class='ocrx_word' id='word_1_194' title='bbox 594 2196 754 2251; x_wconf 84' lang='lat' dir='ltr'>accenderit</span> <span class='ocrx_word' id='word_1_195' title='bbox 763 2203 866 2258; x_wconf 87' lang='lat' dir='ltr'>aestus,</span> 
     </span>
     <span class='ocr_line' id='line_1_31' title="bbox 142 2253 869 2381; baseline 0.015 -75"><span class='ocrx_word' id='word_1_196' title='bbox 142 2255 234 2317; x_wconf 75' lang='lat' dir='ltr'>Quum</span> <span class='ocrx_word' id='word_1_197' title='bbox 244 2255 343 2305; x_wconf 87' lang='lat' dir='ltr'>sitiunt</span> <span class='ocrx_word' id='word_1_198' title='bbox 353 2253 467 2319; x_wconf 87' lang='lat' dir='ltr'>herbae,</span> <span class='ocrx_word' id='word_1_199' title='bbox 480 2264 509 2312; x_wconf 86' lang='lat' dir='ltr'>et</span> <span class='ocrx_word' id='word_1_200' title='bbox 518 2265 614 2381; x_wconf 57' lang='grc' dir='ltr'>υοῖοτί</span> <span class='ocrx_word' id='word_1_201' title='bbox 624 2265 680 2314; x_wconf 84' lang='lat' dir='ltr'>ianr</span> <span class='ocrx_word' id='word_1_202' title='bbox 691 2267 800 2332; x_wconf 86' lang='lat' dir='ltr'>gratior</span> <span class='ocrx_word' id='word_1_203' title='bbox 812 2281 869 2317; x_wconf 91' lang='lat' dir='ltr'>um·</span> 
     </span>
     <span class='ocr_line' id='line_1_32' title="bbox 153 2338 783 2395; baseline 0 -13"><span class='ocrx_word' id='word_1_204' title='bbox 153 2352 156 2357; x_wconf 62' lang='lat'>¹</span> <span class='ocrx_word' id='word_1_205' title='bbox 574 2338 666 2395; x_wconf 79' lang='lat' dir='ltr'>raest,</span> <span class='ocrx_word' id='word_1_206' title='bbox 780 2348 783 2353; x_wconf 90' lang='lat'>·</span> 
     </span>
    </p>
   </div>
   <div class='ocr_carea' id='block_1_3' title="bbox 81 2391 879 2748">
    <p class='ocr_par' dir='ltr' id='par_1_12' title="bbox 140 2391 803 2465">
     <span class='ocr_line' id='line_1_33' title="bbox 140 2391 803 2465; baseline 0.014 -20"><span class='ocrx_word' id='word_1_207' title='bbox 140 2391 174 2445; x_wconf 92' lang='lat' dir='ltr'>ln</span> <span class='ocrx_word' id='word_1_208' title='bbox 184 2396 292 2443; x_wconf 87' lang='lat' dir='ltr'>secreta</span> <span class='ocrx_word' id='word_1_209' title='bbox 302 2393 376 2443; x_wconf 86' lang='lat' dir='ltr'>senis</span> <span class='ocrx_word' id='word_1_210' title='bbox 388 2393 499 2459; x_wconf 87' lang='lat' dir='ltr'>ducam,</span> <span class='ocrx_word' id='word_1_211' title='bbox 510 2413 564 2465; x_wconf 88' lang='lat' dir='ltr'>quo</span> <span class='ocrx_word' id='word_1_212' title='bbox 576 2399 665 2452; x_wconf 85' lang='lat' dir='ltr'>fessus</span> <span class='ocrx_word' id='word_1_213' title='bbox 676 2402 803 2455; x_wconf 84' lang='lat' dir='ltr'>abundis</span> 
     </span>
    </p>

    <p class='ocr_par' dir='ltr' id='par_1_13' title="bbox 81 2457 879 2608">
     <span class='ocr_line' id='line_1_34' title="bbox 142 2457 879 2535; baseline 0.014 -23"><span class='ocrx_word' id='word_1_214' title='bbox 142 2457 181 2513; x_wconf 82' lang='lat' dir='ltr'>Se</span> <span class='ocrx_word' id='word_1_215' title='bbox 189 2462 302 2528; x_wconf 81' lang='lat' dir='ltr'>recipit3</span> <span class='ocrx_word' id='word_1_216' title='bbox 317 2459 399 2513; x_wconf 83' lang='lat' dir='ltr'>facile</span> <span class='ocrx_word' id='word_1_217' title='bbox 409 2470 442 2515; x_wconf 91' lang='lat' dir='ltr'>ut</span> <span class='ocrx_word' id='word_1_218' title='bbox 451 2480 548 2518; x_wconf 88' lang='lat' dir='ltr'>somno</span> <span class='ocrx_word' id='word_1_219' title='bbox 560 2470 724 2535; x_wconf 83' lang='lat' dir='ltr'>aggrediare</span> <span class='ocrx_word' id='word_1_220' title='bbox 735 2475 879 2525; x_wconf 86' lang='lat' dir='ltr'>iacentem.</span> 
     </span>
     <span class='ocr_line' id='line_1_35' title="bbox 81 2529 879 2608; baseline 0.008 -22"><span class='ocrx_word' id='word_1_221' title='bbox 81 2531 133 2586; x_wconf 78' lang='lat'>405</span> <span class='ocrx_word' id='word_1_222' title='bbox 141 2529 256 2592; x_wconf 85' lang='lat' dir='ltr'>Verum,</span> <span class='ocrx_word' id='word_1_223' title='bbox 266 2530 313 2580; x_wconf 91' lang='lat' dir='ltr'>ubi</span> <span class='ocrx_word' id='word_1_224' title='bbox 324 2538 483 2598; x_wconf 87' lang='lat' dir='ltr'>correptum</span> <span class='ocrx_word' id='word_1_225' title='bbox 493 2538 879 2608; x_wconf 76' lang='lat' dir='ltr'>manibusvinelisquetenebir</span> 
     </span>
    </p>

    <p class='ocr_par' dir='ltr' id='par_1_14' title="bbox 141 2599 856 2672">
     <span class='ocr_line' id='line_1_36' title="bbox 141 2599 856 2672; baseline 0.02 -23"><span class='ocrx_word' id='word_1_226' title='bbox 141 2599 213 2650; x_wconf 87' lang='lat' dir='ltr'>Tum</span> <span class='ocrx_word' id='word_1_227' title='bbox 224 2600 318 2650; x_wconf 79' lang='lat' dir='ltr'>variae</span> <span class='ocrx_word' id='word_1_228' title='bbox 329 2600 443 2652; x_wconf 90' lang='lat' dir='ltr'>eludent</span> <span class='ocrx_word' id='word_1_229' title='bbox 451 2607 556 2669; x_wconf 90' lang='lat' dir='ltr'>species</span> <span class='ocrx_word' id='word_1_230' title='bbox 566 2613 651 2672; x_wconf 86' lang='lat' dir='ltr'>atque</span> <span class='ocrx_word' id='word_1_231' title='bbox 662 2622 711 2660; x_wconf 91' lang='lat' dir='ltr'>ora</span> <span class='ocrx_word' id='word_1_232' title='bbox 722 2610 856 2663; x_wconf 84' lang='lat' dir='ltr'>ferarum.</span> 
     </span>
    </p>

    <p class='ocr_par' dir='ltr' id='par_1_15' title="bbox 141 2666 826 2748">
     <span class='ocr_line' id='line_1_37' title="bbox 141 2666 826 2748; baseline 0.02 -29"><span class='ocrx_word' id='word_1_233' title='bbox 141 2666 205 2720; x_wconf 82' lang='lat' dir='ltr'>Fiet</span> <span class='ocrx_word' id='word_1_234' title='bbox 213 2670 286 2720; x_wconf 88' lang='lat' dir='ltr'>anim</span> <span class='ocrx_word' id='word_1_235' title='bbox 296 2669 387 2726; x_wconf 88' lang='lat' dir='ltr'>subito</span> <span class='ocrx_word' id='word_1_236' title='bbox 397 2685 443 2722; x_wconf 89' lang='lat' dir='ltr'>sus</span> <span class='ocrx_word' id='word_1_237' title='bbox 454 2668 597 2738; x_wconf 90' lang='lat' dir='ltr'>horridus,</span> <span class='ocrx_word' id='word_1_238' title='bbox 607 2682 724 2744; x_wconf 86' lang='lat' dir='ltr'>atraque</span> <span class='ocrx_word' id='word_1_239' title='bbox 735 2680 826 2748; x_wconf 85' lang='lat' dir='ltr'>tigris,</span> 
     </span>
    </p>
   </div>
   <div class='ocr_carea' id='block_1_4' title="bbox 0 0 946 3052">
    <p class='ocr_par' dir='ltr' id='par_1_16' title="bbox 0 0 946 3052">
     <span class='ocr_line' id='line_1_38' title="bbox 0 0 946 3052; baseline 0 0"><span class='ocrx_word' id='word_1_240' title='bbox 0 0 946 3052; x_wconf 95' lang='lat' dir='ltr'> </span> 
     </span>
    </p>
   </div>
  </div>
 </body>
</html>
