1882 3052
184 150 219 203 es
342 146 372 200 r.
390 146 578 225 vinomo
598 139 788 200 mononis
840 211 842 216 ,

185 249 931 320 Subiiciuntiragmentathymum,casiasquerecenter

126 317 931 390 505Hocgeritur,zephyrisprimumimpellentibusundar

49 431 54 436 -
136 392 139 397 ’
184 394 256 446 Ante
266 393 345 444 noris
354 392 475 443 rubeant
484 405 567 457 quam
578 395 660 456 prata
669 388 825 451 coloribus,
836 393 903 440 ante

185 461 308 512 Garrula
318 476 400 528 quam
410 461 494 526 tignis
504 460 600 510 nidum
612 458 765 525 suspendat
774 456 907 510 hirundo.

184 531 297 582 Interea
306 531 410 580 teneris
421 527 579 594 tepefactus
589 529 618 578 in
629 527 736 579 ossibus
746 526 850 579 humor

184 602 312 660 Aestuat,
324 603 352 649 et
361 599 475 648 visenda
484 599 574 649 modis
583 597 715 650 animalia
724 597 812 660 miris,

126 670 176 720 bro
185 669 298 718 Trunca
307 666 409 732 pedum
422 668 525 732 primo,
538 682 603 718 mox
613 672 642 718 et
650 666 799 717 stridentia
809 665 918 732 pennis,
929 697 931 703 -

184 736 348 797 Miscentur,
360 740 527 803 tenuemque
537 736 625 802 magis
636 737 724 803 magis
734 737 800 786 aera
812 739 931 802 carpunt

183 803 293 865 Donec,
304 808 335 852 ut
345 805 457 854 aestivis
468 803 573 854 effusus
583 805 704 855 nubibus
713 804 813 865 imber,

184 874 325 937 Erupere3
341 877 392 922 sut
401 878 445 935 ut,
456 887 540 924 nervo
551 872 694 939 pulsante,
705 874 836 939 sagittae,

184 940 279 992 Prinna
289 938 365 991 leves
375 942 473 992 ineunt
482 942 505 990 si
517 940 628 1008 quando
641 940 748 1006 proelia
757 939 864 992 Parthi.

126 1013 175 1065 315
219 1007 567 1071 QuisDeushaneMusae,
585 1009 631 1075 qui
640 1009 930 1062 nobisextuditartem

184 1078 265 1130 Vnde
276 1092 348 1128 nova
356 1078 499 1144 ingressus
510 1076 651 1127 hominum
663 1078 840 1143 experientia
854 1081 928 1146 cepit

184 1146 285 1198 Pastor
295 1147 437 1198 Aristaeus
448 1145 556 1212 fugiens
566 1146 668 1197 Peneia
678 1148 794 1213 Tempe,

184 1216 310 1277 Amissis,
320 1221 353 1265 ut
363 1215 448 1276 fama,
460 1215 558 1279 apibus
568 1216 722 1282 morboque
734 1215 875 1285 fameque,

185 1286 286 1336 Tristis
296 1284 332 1335 ad
342 1285 460 1334 extremi
470 1299 580 1335 sacrum
592 1290 676 1349 caput
685 1284 796 1335 adstitit
806 1287 905 1348 amnis,

126 1357 175 1409 διο
186 1354 278 1405 Multa
289 1368 419 1421 querens,
429 1357 514 1420 atque
524 1351 579 1403 hac
587 1351 689 1403 affatus
699 1368 767 1405 voce
776 1363 931 1420 parentem.

185 1425 278 1476 Mater
289 1425 410 1490 Cyrene,
421 1429 523 1484 mater,
535 1436 606 1488 quae
615 1422 735 1488 gurgitis
744 1420 827 1474 huius

184 1494 244 1545 lma
254 1499 344 1553 tenes,
356 1491 423 1559 quid
433 1506 477 1542 me
488 1491 632 1556 praeclara
640 1492 728 1558 stirpe
739 1492 857 1543 deorum

184 1560 229 1624 (Si
240 1562 335 1624 modo,
345 1577 427 1629 quem
439 1559 579 1628 perhibes,
591 1565 725 1679 pateqlest
735 1558 927 1628 Thymbraeus

598 1632 621 1681 A
642 1643 658 1679 o
682 1633 714 1691 o)

184 1701 305 1750 Invisum
317 1697 382 1749 fatis
392 1697 530 1765 genuistil
544 1702 594 1751 aut
604 1644 659 1765 qrho
670 1699 722 1749 tibi
732 1701 822 1749 nostri

126 1773 175 1824 525
185 1767 284 1818 Pulsus
294 1766 390 1818 amori
405 1768 471 1834 quid
482 1783 525 1818 me
536 1767 645 1818 coelum
655 1781 769 1832 sperare
779 1767 910 1829 iubebas!

185 1839 227 1888 En
238 1837 321 1886 etiam
332 1834 406 1885 hune
416 1839 506 1901 ipsum
516 1837 589 1887 ritae
600 1837 728 1887 mortalis
738 1834 883 1900 honorem,

153 1916 157 1922 ·
185 1906 274 1966 Quem
280 1902 346 1953 mihi
352 1905 398 1953 rix
404 1903 515 1969 frugum
522 1909 550 1954 et
560 1905 697 1969 pecudum
708 1907 836 1958 custodia
844 1907 931 1959 sollert

186 1974 287 2023 Omnia
297 1973 416 2023 tentanti
428 1972 590 2034 extuderat,
601 1979 630 2024 te
640 1980 743 2036 matre,
754 1976 892 2044 relinquo.

186 2042 259 2102 Quin
270 2055 333 2106 age,
345 2045 374 2091 et
384 2041 445 2104 ipsa
455 2055 538 2090 manu
551 2041 646 2093 felices
658 2059 724 2094 erue
734 2044 832 2108 silvas3

105 2160 110 2167 .
125 2114 176 2166 530
185 2110 241 2162 Fer
250 2109 368 2159 stabulis
379 2110 520 2160 inimicum
531 2112 636 2177 ignem,
648 2118 733 2179 atque
743 2114 872 2166 interfice

599 2195 715 2244 messem

184 2247 243 2303 Vre
254 2251 328 2309 sata,
339 2251 368 2298 et
379 2245 499 2306 validam
509 2248 537 2297 in
548 2248 618 2298 vites
628 2250 728 2302 molire
738 2251 900 2316 bipennem3

185 2319 277 2368 Tanta
287 2331 366 2366 meae
377 2316 400 2365 si
411 2322 440 2367 te
451 2322 587 2383 ceperunt
596 2319 689 2369 taedia
699 2319 798 2371 laudis.

183 2388 220 2439 At
229 2390 319 2436 mater
328 2386 451 2435 sonitum
462 2384 584 2436 thalamo
595 2389 645 2438 sub
657 2387 779 2440 fluminis
790 2390 840 2442 alti

184 2454 284 2508 Sensit.
304 2455 374 2506 Eam
386 2455 490 2504 circum
501 2455 612 2506 Milesia
624 2457 729 2509 vellera
738 2457 888 2528 Nymphae

124 2530 175 2584 535
185 2524 355 2591 Carpebant,
367 2522 444 2590 hyali
456 2530 552 2574 saturo
563 2523 657 2578 fucata
667 2528 778 2592 colore3

183 2595 356 2664 Drymoque,
361 2591 538 2660 Xanthoque,
544 2593 695 2663 Ligeaque,
705 2595 931 2670 Phyllodoceque

186 2664 343 2717 Caesariem
354 2662 459 2716 effusae
469 2662 587 2715 nitidam
597 2667 777 2734 percandida
788 2670 875 2735 colla;
