1882 3052
145 196 180 250 54
310 195 340 250 Ρ.
358 193 539 249 Vincunt
561 191 747 246 Mauortis
766 208 769 213 ·

144 301 181 352 Et
191 297 330 352 labefacta
338 314 451 352 movens
462 298 593 351 robustus
602 299 701 365 iugero
712 296 817 369 fossore

86 376 135 432 265
145 371 193 432 At,
203 371 227 420 si
238 384 307 436 quos
319 368 392 419 baud
403 369 461 419 ulla
470 368 544 418 viros
555 368 699 434 uigilantia
711 365 790 434 fugit,

132 441 215 490 Ante
225 439 317 490 locum
327 437 446 489 similem
457 438 620 503 exquirunt,
630 438 677 488 ubi
689 438 778 503 priora
791 439 875 501 pareo

144 508 296 559 Arboribus
306 521 398 573 seges,
409 512 437 559 et
448 522 502 574 quo
513 522 577 559 mox
589 507 698 574 digesta
708 505 832 569 seratum

144 577 284 627 Mutatam
294 577 425 642 ignorent
435 578 526 627 subito
537 592 571 628 ne
583 577 690 627 semina
699 580 829 626 matrem.

145 646 219 708 Quin
230 647 314 697 etiam
326 645 397 696 coeli
407 647 551 712 regionem
562 647 590 695 in
602 647 706 697 cortice
717 646 842 710 signant:

85 731 136 784 ²70
145 715 194 778 Vt,
205 730 260 782 quo
271 728 397 780 quaeque
408 715 490 766 niodo
502 717 626 776 steterit,
641 729 695 781 qua
707 719 785 778 parte
796 712 875 764 calor

143 786 291 837 Austrinos
301 783 412 847 tulerit,
422 799 494 851 quae
505 790 585 851 terga
596 784 748 836 obverterit
759 782 815 843 ari,

142 851 875 907 Restituant.Adeointenerisoonsueseereinultunrer

145 921 314 974 Collibusan
326 921 409 988 plano
421 923 520 973 melius
531 923 567 971 sit
578 935 681 989 ponere
692 922 786 982 ritem,

45 994 47 1001 '
144 993 255 1052 Quaere
266 993 350 1058 prius.
371 989 400 1041 Si
412 992 520 1058 pinguis
530 1004 613 1055 agros
623 989 764 1040 metabere
776 988 875 1055 ounrpi:

31 1102 33 1106 .
85 1061 135 1126 275
144 1059 239 1112 Denso
250 1075 325 1122 sere3
345 1062 373 1108 in
385 1060 471 1111 denso
482 1074 537 1109 non
548 1060 660 1124 segnior
671 1059 757 1125 ubere
769 1057 875 1108 Bacchi

145 1128 192 1186 Sin
203 1128 320 1180 tumulis
330 1127 434 1179 acclive
443 1127 547 1187 solum,
559 1127 700 1192 collesque
710 1128 838 1192 supinos:
872 1130 875 1136 “

143 1197 260 1263 indulge
272 1197 427 1259 ordinibus3
443 1210 494 1248 neo
504 1197 594 1246 secius
604 1197 692 1251 omnis
703 1197 730 1245 in
743 1211 867 1263 unguem

144 1267 295 1318 Arboribus
306 1267 404 1331 positis
415 1271 491 1317 secto
501 1267 546 1314 ria
557 1265 645 1316 linrite
656 1265 783 1331 quadret.

143 1333 181 1385 Vt
192 1348 287 1400 saepo,
299 1335 405 1400 ingenti
417 1334 490 1387 bello
501 1349 585 1400 quurn
597 1333 680 1400 longa
691 1333 821 1385 eribortes

85 1403 136 1460 280
144 1400 284 1470 Exdlicuit
295 1404 383 1470 legio,
393 1409 422 1456 et
432 1419 529 1469 caurpo
541 1404 620 1454 stetit
629 1417 726 1469 agmen
738 1408 848 1468 aperto,

144 1472 332 1539 Dtrectaeque
343 1474 431 1535 acies,
443 1473 542 1524 aelate
555 1471 672 1523 fluctuat
682 1474 772 1522 omnis

65 1580 72 1606 x
143 1543 215 1594 Aere
226 1543 365 1593 renidenti
376 1542 473 1606 tellus,
481 1541 600 1599 necdunr
612 1540 727 1592 horrido
738 1543 858 1594 miscent

1 1638 4 1663 t
65 1606 67 1613 ’
144 1609 270 1673 Proelia,
281 1610 330 1662 sed
341 1611 441 1662 dubius
452 1610 551 1663 mediis
561 1611 639 1661 Mars
649 1617 725 1661 errat
735 1613 764 1660 in
775 1614 875 1661 armis:

46 1695 48 1699 ·
145 1679 246 1731 Ouinia
255 1682 312 1730 siut
322 1681 433 1746 paribus
443 1681 566 1730 nurneris
578 1679 703 1731 dimensa
714 1681 838 1742 riurun13

30 1765 36 1773 ’
87 1749 136 1805 285
144 1747 207 1799 Non
218 1750 339 1799 animuin
351 1750 433 1801 modo
445 1751 485 1799 uti
497 1754 592 1814 pascet
604 1754 766 1814 prospectus
778 1750 875 1800 inanes

145 1814 200 1868 Sed
211 1819 275 1883 quia
286 1832 341 1867 non
353 1818 436 1869 aliter
446 1819 519 1868 vires
529 1818 606 1869 dabit
616 1817 743 1869 omnibus
754 1832 862 1885 aequos

144 1886 248 1947 Terra,
257 1899 348 1952 neque
356 1887 386 1936 in
396 1901 512 1937 vacuum
523 1893 657 1952 poterunt
667 1903 697 1938 se
708 1887 863 1939 extendere

560 1970 638 2006 rami.

179 2020 309 2073 Forsitan
317 2023 493 2075 etscrobibus
503 2039 574 2089 quae
585 2026 641 2075 sint
651 2025 765 2092 fastigia
776 2040 875 2094 quaere

17 2148 19 2153 ,
145 2093 238 2144 Ausim
248 2090 293 2141 rel
304 2093 380 2142 tenui
391 2093 473 2144 ritem
484 2096 658 2146 committere
667 2095 755 2147 sulco.

87 2176 137 2228 ²90
145 2160 236 2212 Altior
246 2174 278 2210 au
288 2162 399 2226 penitus
409 2166 503 2213 terrae
514 2162 644 2230 deligitur
655 2166 748 2226 arbos,

145 2227 427 2296 Aesculusinprinris:
440 2245 519 2297 quae,
529 2237 661 2298 quantuni
668 2234 773 2284 vertice
779 2232 875 2284 adaur

145 2295 303 2359 Aetherias,
313 2302 423 2350 tantum
434 2300 528 2352 radice
538 2303 566 2351 in
577 2303 698 2353 'farma
707 2302 807 2355 tendit.

145 2366 220 2432 Ergo
231 2380 287 2416 non
297 2364 402 2419 hiemes
411 2367 504 2430 illam,
516 2385 571 2420 non
584 2370 684 2433 dabra,
701 2386 790 2438 neque
802 2370 876 2422 imbr

146 2434 325 2498 Convellurit3
340 2437 456 2488 ininrota
467 2444 572 2502 manet,
583 2439 740 2506 multosque
752 2446 875 2506 nepotes³

87 2501 136 2567 ²95
145 2504 237 2554 Multa
247 2505 336 2557 virdnr
347 2505 460 2557 volvens
470 2507 597 2560 durando
609 2509 723 2560 saecula
732 2511 833 2572 rincit3

140 2574 213 2624 Turn
223 2572 313 2626 fortes
324 2574 382 2629 late
393 2589 488 2631 ramos
496 2581 526 2630 et
533 2577 650 2631 bruebia
657 2580 775 2630 tendens

19 2682 28 2697 ι
126 2643 195 2695 Huc
205 2644 293 2711 illuc,
306 2648 481 2719 media-ipse
491 2649 638 2718 ingentem
649 2649 875 2697 sustineruntsrs

3 2706 27 2813 ᾖ,
150 2711 237 2774 Nere
247 2718 304 2775 tibi
317 2721 355 2778 od
367 2721 467 2780 solern
475 2719 712 2809 vergantrineta
720 2712 874 2767 sedentem
