1882 3052
210 155 507 213 CATALEC'B'A.

90 267 152 318 sore
161 267 256 320 pressa
267 273 315 310 rus
326 259 429 312 abibit?
443 263 507 315 Heu
519 264 600 317 mihi!

90 323 127 375 lle
137 338 233 376 versus
243 342 442 399 usquequaque
452 335 584 400 pertinet:

93 407 124 444 er
134 405 280 463 socerque,
290 398 450 463 perdidistis
462 405 562 455 omnia„

330 549 384 605 lv.

216 649 273 698 IN
297 651 504 704 EVNDEM.

90 755 166 820 v>erbe
176 754 327 823 Noctuine,
336 759 463 827 putidum
474 769 565 826 eaput,

90 839 122 874 ur
132 826 182 881 tibi
193 827 302 893 puella,
312 845 395 896 quam
406 833 491 897 petis,
502 831 597 895 datm-3

89 909 134 956 ur,
145 897 261 961 superbe
271 897 416 962 Noctuine,
427 914 509 967 quam
519 902 601 966 petis.

90 999 98 1025 ,
110 977 125 1012 o
135 966 253 1030 superbe
264 967 415 1030 Noctuine,
425 983 481 1020 non
491 968 567 1025 vides

90 1048 106 1082 s
117 1030 220 1085 habere
229 1036 302 1088 filias
311 1036 436 1101 Atilium,

90 1117 120 1164 s,
132 1108 160 1153 et
171 1101 255 1168 hano,
267 1113 295 1158 et
304 1106 434 1170 alteram,
444 1106 497 1158 tibi
507 1106 575 1158 dari.

90 1177 130 1222 ste
141 1187 227 1236 nunc,
238 1176 348 1240 adeste,
359 1175 448 1239 ducit,
458 1182 491 1226 ut
501 1176 589 1240 decet,

89 1239 184 1302 enbus,
195 1258 271 1308 ecce,
281 1244 439 1298 Noctuinus
450 1243 589 1298 herneam.

90 1309 189 1361 iussio!
206 1312 368 1368 Thalassio!
384 1310 545 1367 Thalassio!

342 1450 374 1502 V.

222 1554 279 1604 IN
305 1552 491 1602 wolvo!-

90 1680 111 1716 ὀ
121 1678 179 1727 me,
189 1661 262 1730 quod
273 1662 331 1713 alta
341 1675 397 1711 non
408 1661 523 1728 possim,
534 1664 624 1726 putas,

97 1730 386 1796 onte,vectarisreta;
456 1760 458 1764 Α

90 1805 151 1855 erre
161 1803 261 1854 durum
271 1799 373 1867 frigus,
384 1804 433 1851 aut
443 1803 551 1850 aestum
561 1799 630 1863 pati,

90 1887 141 1940 que
152 1887 230 1923 arma
238 1870 352 1921 victoris
361 1868 447 1936 sequi.

90 1948 126 2004 it,
136 1941 232 1992 valent
241 1937 308 1990 mihi
318 1939 360 1989 ira
371 1943 399 1988 et
409 1936 537 2004 antiquus
548 1932 634 1997 furor,

93 2011 202 2077 lingua,
213 2023 268 2077 qua
278 2008 366 2060 adsim
376 2006 435 2057 tibi.

90 2082 223 2131 ostitutoe
234 2083 316 2144 turpe
326 2076 536 2127 contubernium

90 2150 163 2200 noris.
184 2146 286 2215 Oquid
296 2161 341 2199 me
351 2142 468 2196 incitas?

89 2255 96 2282 ‚
107 2218 258 2285 impudice,
268 2221 298 2269 et
306 2213 487 2281 improbando
498 2211 627 2266 Caesarii

90 2286 189 2340 isurto
200 2287 394 2348 dieanturtua,
504 2286 507 2290 ’

90 2358 172 2412 =luato
183 2371 246 2415 sera
256 2353 426 2422 patrimonio

90 2426 175 2480 fratre
186 2425 369 2493 parsimonia3

91 2504 135 2550 ota
146 2509 232 2564 puero
243 2509 306 2547 eum
315 2492 381 2544 viris
392 2492 524 2552 convivia,

90 2581 177 2636 aeque
187 2580 238 2632 per
247 2577 373 2616 somnum
385 2566 477 2621 nates3

90 2637 144 2688 scio
154 2639 270 2702 repente
281 2632 431 2685 clamatum
441 2643 532 2696 super,

90 2705 207 2765 nimio,
218 2701 374 2756 'thalassio

610 212 612 219 ,
688 167 738 219 421

654 341 764 393 ..5

659 1899 760 2008 ’λε
