1882 3052
243 180 455 237 sonamus
476 184 556 236 LlB.
574 185 629 239 lll.
768 185 817 239 155

63 282 172 350 Lyctius
181 283 364 350 idomeneus;
378 285 483 338 hieilla
493 287 570 341 ducis
580 287 713 340 Meliboei

64 349 143 403 Parra
152 352 332 406 Philoctetae
342 356 459 406 subnixa
470 357 578 410 Petelia
588 373 676 409 muro.

66 420 198 486 liuin,ubi
208 426 391 476 transmissae
401 427 529 477 steterint
538 435 616 479 trans
626 441 751 494 aequora

472 495 583 558 classes,

66 558 102 623 Et,
109 562 210 627 positis
220 564 293 624 aris,
302 563 359 612 iarn
368 565 433 613 rota
443 564 471 613 in
481 564 565 616 litore
576 565 676 627 solves,

66 626 197 696 Purpureo
207 631 307 682 velare
318 645 411 681 comas
421 632 572 698 adopertus
582 636 696 697 amictu,
824 635 873 687 405

66 696 97 749 h'e
105 715 158 766 qua
167 702 247 754 inter
258 705 371 750 sanctos
381 701 458 766 ignes
468 702 498 751 in
508 701 613 754 honore
624 705 740 754 deorum

66 766 168 820 llostilis
179 770 271 820 facies
283 775 424 830 occurrat,
434 775 463 821 et
473 774 566 822 omina
575 773 678 823 turbet.

67 834 131 889 Hunc
140 840 213 890 socii
224 852 334 889 morem
345 853 500 900 sacrorum,
512 839 584 892 hunc
593 843 652 906 ipse
661 846 771 903 teneto;

67 904 111 957 llac
121 910 192 958 casti
203 913 340 958 maneant
349 907 378 956 in
388 908 523 974 religione
534 915 657 974 nepotes.

66 974 110 1038 le,
118 978 166 1027 ubi
176 976 338 1043 digressum
349 974 459 1027 Siculae
468 984 496 1028 tc
508 978 664 1028 admoverit
673 992 740 1029 orae
823 978 873 1029 410

67 1038 164 1108 lentus,
176 1051 208 1096 et
219 1045 334 1111 angusti
345 1051 487 1097 rarescent
497 1047 620 1097 claustra
631 1046 734 1109 Pelori,

66 1107 139 1164 [sera
148 1115 205 1165 tibi
218 1114 320 1175 tellus,
331 1118 359 1164 et
370 1114 453 1180 longo
464 1115 543 1166 luera
555 1121 688 1181 petantur

65 1178 174 1249 loquore
185 1185 325 1243 circuitu;
341 1181 467 1232 dextrum
480 1183 544 1250 suge
555 1186 622 1234 litus
633 1189 662 1235 et
672 1183 769 1235 undas.

64 1243 121 1303 bec
131 1252 214 1314 loca,
226 1253 252 1300 ri
264 1250 403 1317 qnondam
414 1256 442 1303 et
450 1258 527 1302 rasta
538 1253 668 1304 convulsa
679 1255 769 1316 ruina,

64 1316 181 1373 stantum
194 1322 262 1371 aeri
274 1320 426 1386 longinqua
436 1321 510 1372 valet
520 1329 628 1374 mutare
638 1325 773 1381 vetustas)
823 1322 872 1372 415

61 1380 211 1442 insiluisse
225 1388 334 1449 ferunt,
346 1404 429 1454 qrrrrur
440 1396 572 1454 protenus
582 1398 700 1459 utraque
713 1391 799 1442 tellus

41 1472 44 1493 ι
61 1448 101 1508 lna
110 1458 207 1520 foret,
219 1460 299 1509 venit
309 1458 399 1506 medio
411 1459 436 1506 ri
449 1465 561 1523 pontus,
571 1468 600 1511 et
608 1462 690 1510 undis

57 1518 219 1594 Hesperium
232 1526 327 1577 Siculo
339 1526 412 1575 latus
423 1527 548 1588 abscidit,
559 1544 679 1595 arvaque
691 1536 719 1581 et
730 1529 812 1578 urbes

50 1654 184 1717 [bimum
193 1663 294 1730 Scylla
301 1663 383 1723 latus,
391 1662 496 1713 laerunr
503 1667 651 1731 implacata
656 1665 811 1732 Charybdis
822 1659 871 1708 l*20

50 1585 136 1648 litore
150 1597 289 1647 diductas
300 1599 418 1660 arigusto
430 1597 555 1646 interluit
566 1604 653 1648 aestu.
694 1635 696 1638 <

21 1580 41 1827 l
45 1726 172 1795 obsidet,
184 1739 275 1798 atque
284 1734 339 1781 imo
350 1731 474 1781 barathri
485 1737 528 1783 tor
538 1738 648 1800 gurgite
659 1742 753 1785 vastos

41 1790 142 1856 Sorbet
153 1804 185 1851 in
198 1802 351 1865 abruptum
364 1799 476 1861 fluctus,
487 1816 637 1869 rursusque
648 1805 698 1854 sub
709 1818 793 1855 auras

40 1860 129 1939 Erigit
139 1871 288 1931 alternos,
300 1875 328 1920 et
337 1869 431 1918 sidera
440 1870 568 1920 verberat
579 1870 661 1921 cruda.

22 1986 26 1993 .
37 1936 68 1992 lt
78 1940 221 2008 Scyllam
233 1940 323 1989 caecis
334 1936 445 1988 cohibet
454 1938 586 2002 spelunca
596 1940 718 2001 latebris,

22 2004 93 2071 gssra
103 2011 323 2067 exsertantem,
335 2011 363 2057 et
373 2022 456 2057 narres
467 2008 495 2055 in
505 2022 573 2058 saxa
582 2007 747 2059 trahentem.
821 1999 870 2051 4²5

36 2068 132 2130 Prima
144 2076 274 2129 hominis
285 2076 382 2137 facies,
393 2080 422 2125 et
433 2075 549 2140 pulchro
560 2082 672 2141 pectore
682 2079 761 2142 virgo

35 2134 113 2200 Pube
124 2154 233 2208 tenu83
246 2150 391 2210 postrema
401 2146 514 2194 immani
526 2161 642 2211 corpore
654 2148 763 2212 pistrix,

34 2204 222 2283 Delphinum
233 2213 336 2264 caudas
347 2217 427 2263 utero
438 2216 584 2266 commissa
593 2215 730 2280 luporum.

36 2272 175 2337 Praestat
184 2284 330 2334 Trinacrii
341 2288 429 2333 metas
440 2281 560 2335 lustrare
571 2282 695 2348 Pachyni

10 2356 15 2387 l
38 2349 226 2413 cenantem,
236 2351 335 2417 longos
345 2356 373 2401 et
383 2351 602 2404 circumflectere
613 2367 719 2414 cursus,
821 2345 870 2395 43⁰

36 2418 132 2485 Quam
145 2420 237 2474 semel
251 2420 399 2470 informem
409 2426 487 2470 vasto
497 2422 598 2473 vidisse
609 2421 660 2471 sub
672 2425 754 2473 antro

37 2484 185 2555 Scyllam,
198 2495 229 2542 et
239 2490 375 2541 caeruleis
386 2490 500 2540 canibus
511 2492 673 2543 resonantia
681 2504 757 2539 sara.

37 2551 214 2622 Praeterea,
224 2559 248 2608 si
259 2573 314 2624 qua
325 2564 367 2610 est
378 2558 487 2609 Heleno
498 2561 661 2625 prudentia,
670 2557 729 2607 vati

40 2622 71 2681 Si
81 2646 139 2698 qua
148 2630 234 2688 tides,
245 2629 365 2677 animum
374 2628 401 2677 si
413 2630 486 2680 reris
497 2631 598 2701 implet
609 2630 725 2702 hpollo,

39 2690 127 2747 raum
135 2695 214 2747 illud
221 2695 278 2757 tibi,
288 2702 357 2753 uate
368 2698 431 2767 dea,
441 2715 580 2779 praeque
591 2706 735 2761 omnibus
744 2715 841 2754 unum
852 2693 906 2749 libb
