1882 3052
116 115 554 219 xnreunmosnrs.v1.
614 206 617 211 .
686 169 738 237 an

90 299 98 314 .
118 263 210 332 Atque
219 265 262 317 illi
273 266 411 319 Misenum
421 270 451 318 in
461 268 545 320 litore
555 271 637 333 sicco,
667 264 683 279 '

91 349 138 396 re,
148 335 245 385 vident
254 336 368 403 indigna
376 343 467 389 morte
478 344 647 404 peremtrun3

90 419 113 454 m
125 403 275 466 Aeoliden,
287 420 342 471 quo
351 420 406 469 non
417 409 607 472 praestantior
617 407 690 460 alter
724 459 729 471 ,

90 488 131 524 πο
141 475 231 535 viros,
242 475 418 542 Martemque
430 477 582 528 accendere
593 482 685 528 cantu.
751 479 795 532 155

90 557 104 592 s
115 540 164 593 hic
173 545 268 610 magni
278 542 371 595 fuerat
381 559 485 609 comes,
500 547 625 597 Hectora
635 547 737 598 circum

99 626 212 678 pugnas
222 614 338 679 insignis
348 615 443 666 obibat
454 621 482 666 et
492 614 580 667 hasta.

90 682 124 731 nn
133 681 216 730 ilium
228 683 287 732 vita
296 683 384 734 victor
394 684 524 750 spoliavit
532 683 664 747 Achilles,

90 752 117 800 io
129 752 242 801 Aeneae
251 766 312 802 sese
323 750 492 804 fortissimus
501 753 585 805 heros

90 825 126 869 ut
136 821 257 882 socium,
269 836 323 871 non
333 820 470 872 inferiora
479 827 598 874 secutus.
750 835 798 884 170

90 907 105 951 ι,
111 887 191 940 forte
202 902 270 940 cava
280 889 343 939 dum
355 897 488 955 personat
498 887 738 958 aequoracoucha,

90 994 106 1020 η,
120 963 152 1009 et
161 962 243 1008 cantu
254 963 336 1008 vocat
345 961 374 1008 in
385 961 538 1010 certamina
548 960 633 1022 divos,
687 968 689 974 '

90 1043 103 1076 s
115 1032 265 1092 exceptum
277 1028 390 1089 Triton,
402 1029 425 1078 si
437 1029 552 1079 credere
563 1028 677 1094 (iignum
688 1033 738 1089 est,

90 1111 128 1147 xa
138 1097 228 1147 virum
239 1110 367 1161 spumosa
377 1098 553 1149 immerserat
563 1096 655 1148 unda·

90 1180 158 1216 ines
170 1179 270 1231 magno
282 1167 385 1216 circum
397 1165 517 1217 clamore
528 1165 698 1227 fremebant3
713 1171 716 1175 '
750 1160 798 1233 ¹75

90 1249 129 1285 ue
141 1234 205 1299 pius
215 1237 330 1284 Aeneas.
350 1235 423 1284 Tum
433 1238 508 1287 iussa
519 1233 669 1301 Sibyllae,-

90 1318 164 1365 .ora,
174 1301 307 1354 festinant
316 1301 429 1367 flentes,
440 1319 573 1372 aramque
582 1303 703 1370 sepulcri

90 1387 134 1424 ere
145 1373 306 1434 arboribus,
318 1372 453 1439 coeloque
464 1373 583 1425 educere
595 1376 711 1424 certant

90 1443 228 1508 untiquam
239 1440 349 1503 silvam,
361 1442 471 1493 stabula
480 1443 538 1492 alta
547 1442 686 1493 ferarum:

90 1513 286 1575 ¹buntpiceae3
302 1517 384 1561 sonat
393 1512 450 1562 icta
459 1511 602 1563 securibus
612 1510 681 1572 ilex3
752 1513 798 1564 180

90 1594 187 1646 iaeque
198 1580 292 1630 trabes
304 1581 399 1631 cuneis
409 1585 439 1630 et
448 1581 532 1631 iissile
542 1581 629 1631 robur

90 1665 133 1712 ιη
147 1647 300 1719 αᾴνοίνυηὶ
309 1650 437 1716 ingentes
447 1648 587 1700 montibus
599 1660 693 1698 ornos.
716 1700 732 1715 ἱ

90 1735 99 1768 ι
113 1720 222 1769 Aeneas
234 1732 320 1783 opera
331 1719 403 1768 inter
414 1718 483 1768 talia
492 1720 598 1784 primus

90 1803 116 1838 rr
126 1789 230 1848 socios,
241 1787 408 1854 paribusque
421 1788 577 1854 accingitur
587 1785 680 1835 armis.

92 1871 145 1908 aec
156 1858 215 1922 ipse
225 1871 276 1906 suo
285 1857 360 1905 tristi
372 1865 434 1906 cum
445 1856 529 1907 corde
540 1854 659 1916 volutat,
751 1851 796 1903 185

90 1941 147 1976 :ans
157 1924 254 1975 silvam
267 1926 438 1985 immensam,
445 1925 738 1989 etsicvoceprecaturr

99 2011 129 2046 se
141 1995 221 2044 nobis
231 1993 280 2044 ille
291 2008 393 2043 aureus
405 1993 506 2044 arbore
517 2007 611 2043 ramus

90 2070 115 2114 at
125 2078 240 2115 nemore
250 2064 279 2112 in
290 2060 381 2115 tanto!
397 2060 509 2126 quando
521 2062 614 2112 omnia
623 2074 688 2110 vere

90 2135 185 2183 'nmium
195 2132 229 2183 de
239 2140 267 2182 te
277 2137 368 2192 vates,
379 2131 501 2192 Misene,
512 2129 607 2180 locuta
617 2133 668 2180 est.

90 2202 162 2252 fatus
173 2205 246 2262 erat,
257 2201 383 2267 geminae
395 2214 478 2266 quum
490 2198 564 2251 forte
576 2196 720 2249 columbae
751 2210 797 2261 19⁰

90 2273 105 2322 b
117 2286 168 2321 ora
177 2271 229 2319 viri
240 2269 318 2320 coelo
330 2282 430 2319 venere
440 2267 573 2329 volantes,

90 2343 104 2390 ii
114 2340 213 2391 sedere
223 2339 293 2388 solo.
314 2340 386 2389 Tum
397 2338 533 2387 maximus
543 2334 626 2387 heros

90 2425 121 2460 as
132 2409 259 2477 agnoscit
268 2421 345 2470 aves,
355 2407 501 2472 laetusque
512 2409 654 2472 precatur:

90 2493 154 2540 roes,
166 2493 195 2539 0,
207 2478 230 2526 si
242 2492 296 2543 qua
305 2479 350 2527 ria
360 2481 410 2537 est,
421 2488 587 2540 cursumque
597 2485 647 2536 per
657 2482 740 2519 aures

90 2565 100 2600 e
110 2548 140 2597 in
150 2546 241 2609 lucos,
252 2546 299 2597 ubi
310 2546 442 2610 pinguem
453 2544 529 2595 dives
540 2543 640 2607 opacat
694 2602 699 2609 Ι
752 2537 798 2605 ι95

94 2615 217 2667 humum.
239 2618 351 2680 Tuque,
367 2627 395 2672 o,
406 2610 496 2660 dubiis
507 2625 541 2660 ne
552 2609 638 2659 defice
650 2606 740 2662 rebus.

90 2702 170 2738 urens.
191 2684 237 2738 Sic
248 2681 349 2737 effetus
358 2679 476 2747 vestigia
485 2678 596 2747 pressit,
650 2735 653 2741 Ι

760 2746 840 2880 ’1

712 3000 724 3019 Ι
