<?xml version="1.0" encoding="UTF-8"?>
<!DOCTYPE html PUBLIC "-//W3C//DTD XHTML 1.0 Transitional//EN"
    "http://www.w3.org/TR/xhtml1/DTD/xhtml1-transitional.dtd">
<html xmlns="http://www.w3.org/1999/xhtml" xml:lang="en" lang="en">
 <head>
  <title>
</title>
<meta http-equiv="Content-Type" content="text/html;charset=utf-8" />
  <meta name='ocr-system' content='tesseract 3.04.00' />
  <meta name='ocr-capabilities' content='ocr_page ocr_carea ocr_par ocr_line ocrx_word'/>
</head>
<body>
  <div class='ocr_page' id='page_1' title='image "./pvirgiliimaroni02virggoog_0126.png"; bbox 0 0 1882 3052; ppageno 0'>
   <div class='ocr_carea' id='block_1_1' title="bbox 227 154 860 225">
    <p class='ocr_par' dir='ltr' id='par_1_1' title="bbox 227 154 860 225">
     <span class='ocr_line' id='line_1_1' title="bbox 227 154 860 225; baseline 0.006 -19"><span class='ocrx_word' id='word_1_1' title='bbox 227 220 230 225; x_wconf 22' lang='lat'>¹</span> <span class='ocrx_word' id='word_1_2' title='bbox 291 154 505 208; x_wconf 75' lang='lat' dir='ltr'><strong>sensibus</strong></span> <span class='ocrx_word' id='word_1_3' title='bbox 527 156 606 209; x_wconf 78' lang='lat' dir='ltr'><strong>urs.</strong></span> <span class='ocrx_word' id='word_1_4' title='bbox 624 158 663 212; x_wconf 87' lang='lat'><strong>11.</strong></span> <span class='ocrx_word' id='word_1_5' title='bbox 813 159 860 211; x_wconf 79' lang='lat'><strong>133</strong></span> 
     </span>
    </p>
   </div>
   <div class='ocr_carea' id='block_1_2' title="bbox 97 256 931 2742">
    <p class='ocr_par' dir='ltr' id='par_1_2' title="bbox 97 256 931 2742">
     <span class='ocr_line' id='line_1_2' title="bbox 97 256 830 321; baseline 0.004 -13"><span class='ocrx_word' id='word_1_6' title='bbox 97 256 256 309; x_wconf 71' lang='lat' dir='ltr'><strong>Succedunt</strong></span> <span class='ocrx_word' id='word_1_7' title='bbox 265 262 356 321; x_wconf 85' lang='lat' dir='ltr'><strong>teoto,</strong></span> <span class='ocrx_word' id='word_1_8' title='bbox 367 264 397 310; x_wconf 88' lang='lat' dir='ltr'><strong>et</strong></span> <span class='ocrx_word' id='word_1_9' title='bbox 404 256 529 311; x_wconf 76' lang='lat' dir='ltr'><strong>flammas</strong></span> <span class='ocrx_word' id='word_1_10' title='bbox 539 260 575 311; x_wconf 87' lang='lat' dir='ltr'><strong>ad</strong></span> <span class='ocrx_word' id='word_1_11' title='bbox 585 260 707 312; x_wconf 86' lang='lat' dir='ltr'><strong>culmina</strong></span> <span class='ocrx_word' id='word_1_12' title='bbox 717 264 830 313; x_wconf 78' lang='lat' dir='ltr'><strong>iactant</strong></span> 
     </span>
     <span class='ocr_line' id='line_1_3' title="bbox 97 327 699 396; baseline 0.003 -18"><span class='ocrx_word' id='word_1_13' title='bbox 97 328 151 392; x_wconf 86' lang='lat' dir='ltr'><strong>lpse</strong></span> <span class='ocrx_word' id='word_1_14' title='bbox 161 327 241 378; x_wconf 90' lang='lat' dir='ltr'><strong>inter</strong></span> <span class='ocrx_word' id='word_1_15' title='bbox 250 329 358 393; x_wconf 84' lang='lat' dir='ltr'><strong>primos</strong></span> <span class='ocrx_word' id='word_1_16' title='bbox 368 334 498 395; x_wconf 86' lang='lat' dir='ltr'><strong>correpta</strong></span> <span class='ocrx_word' id='word_1_17' title='bbox 506 328 578 380; x_wconf 88' lang='lat' dir='ltr'><strong>dura</strong></span> <span class='ocrx_word' id='word_1_18' title='bbox 586 330 699 396; x_wconf 87' lang='lat' dir='ltr'><strong>bipenni</strong></span> 
     </span>
     <span class='ocr_line' id='line_1_4' title="bbox 98 396 922 464; baseline 0.001 -17"><span class='ocrx_word' id='word_1_19' title='bbox 98 396 203 447; x_wconf 79' lang='lat' dir='ltr'><strong>Limina</strong></span> <span class='ocrx_word' id='word_1_20' title='bbox 212 397 386 463; x_wconf 75' lang='lat' dir='ltr'><strong>perrumpit,</strong></span> <span class='ocrx_word' id='word_1_21' title='bbox 396 404 546 464; x_wconf 88' lang='lat' dir='ltr'><strong>postesque</strong></span> <span class='ocrx_word' id='word_1_22' title='bbox 556 413 574 447; x_wconf 89' lang='lat' dir='ltr'><strong>a</strong></span> <span class='ocrx_word' id='word_1_23' title='bbox 583 398 696 451; x_wconf 87' lang='lat' dir='ltr'><strong>cardine</strong></span> <span class='ocrx_word' id='word_1_24' title='bbox 706 398 789 450; x_wconf 75' lang='lat' dir='ltr'><strong>uellit</strong></span> <span class='ocrx_word' id='word_1_25' title='bbox 871 398 922 450; x_wconf 63' lang='lat'><strong>48«)</strong></span> 
     </span>
     <span class='ocr_line' id='line_1_5' title="bbox 98 464 760 533; baseline 0.003 -18"><span class='ocrx_word' id='word_1_26' title='bbox 98 464 226 528; x_wconf 80' lang='lat' dir='ltr'><strong>leratos3</strong></span> <span class='ocrx_word' id='word_1_27' title='bbox 239 466 356 533; x_wconf 89' lang='lat' dir='ltr'><strong>iamque</strong></span> <span class='ocrx_word' id='word_1_28' title='bbox 366 466 461 516; x_wconf 85' lang='lat' dir='ltr'><strong>excisa</strong></span> <span class='ocrx_word' id='word_1_29' title='bbox 469 466 550 518; x_wconf 87' lang='lat' dir='ltr'><strong>trabe</strong></span> <span class='ocrx_word' id='word_1_30' title='bbox 560 468 642 518; x_wconf 88' lang='lat' dir='ltr'><strong>lirma</strong></span> <span class='ocrx_word' id='word_1_31' title='bbox 651 469 760 518; x_wconf 75' lang='lat' dir='ltr'>cavavit</span> 
     </span>
     <span class='ocr_line' id='line_1_6' title="bbox 98 534 805 601; baseline -0.001 -16"><span class='ocrx_word' id='word_1_32' title='bbox 98 534 221 595; x_wconf 81' lang='lat' dir='ltr'>Robora,</span> <span class='ocrx_word' id='word_1_33' title='bbox 231 539 263 585; x_wconf 82' lang='lat' dir='ltr'><strong>et</strong></span> <span class='ocrx_word' id='word_1_34' title='bbox 271 535 415 601; x_wconf 89' lang='lat' dir='ltr'><strong>ingentem</strong></span> <span class='ocrx_word' id='word_1_35' title='bbox 425 534 483 586; x_wconf 88' lang='lat' dir='ltr'><strong>lato</strong></span> <span class='ocrx_word' id='word_1_36' title='bbox 493 534 571 586; x_wconf 83' lang='lat' dir='ltr'><strong>dedit</strong></span> <span class='ocrx_word' id='word_1_37' title='bbox 582 550 630 587; x_wconf 86' lang='lat' dir='ltr'><strong>ore</strong></span> <span class='ocrx_word' id='word_1_38' title='bbox 641 534 805 588; x_wconf 76' lang='lat' dir='ltr'><strong>fenestram:</strong></span> 
     </span>
     <span class='ocr_line' id='line_1_7' title="bbox 100 602 819 671; baseline 0.006 -20"><span class='ocrx_word' id='word_1_39' title='bbox 100 603 218 669; x_wconf 88' lang='lat' dir='ltr'><strong>lpparet</strong></span> <span class='ocrx_word' id='word_1_40' title='bbox 227 602 331 653; x_wconf 90' lang='lat' dir='ltr'><strong>domus</strong></span> <span class='ocrx_word' id='word_1_41' title='bbox 340 604 429 664; x_wconf 90' lang='lat' dir='ltr'><strong>intus,</strong></span> <span class='ocrx_word' id='word_1_42' title='bbox 440 608 469 654; x_wconf 90' lang='lat' dir='ltr'><strong>et</strong></span> <span class='ocrx_word' id='word_1_43' title='bbox 479 605 553 654; x_wconf 89' lang='lat' dir='ltr'><strong>atria</strong></span> <span class='ocrx_word' id='word_1_44' title='bbox 561 604 647 671; x_wconf 86' lang='lat' dir='ltr'><strong>longa</strong></span> <span class='ocrx_word' id='word_1_45' title='bbox 656 610 819 671; x_wconf 84' lang='lat' dir='ltr'><strong>patescunt;</strong></span> 
     </span>
     <span class='ocr_line' id='line_1_8' title="bbox 99 672 818 741; baseline 0.003 -18"><span class='ocrx_word' id='word_1_46' title='bbox 99 674 239 737; x_wconf 69' lang='lat' dir='ltr'><strong>apparent</strong></span> <span class='ocrx_word' id='word_1_47' title='bbox 249 672 356 722; x_wconf 87' lang='lat' dir='ltr'><strong>Priami</strong></span> <span class='ocrx_word' id='word_1_48' title='bbox 366 677 395 722; x_wconf 91' lang='lat' dir='ltr'><strong>et</strong></span> <span class='ocrx_word' id='word_1_49' title='bbox 403 677 529 724; x_wconf 79' lang='lat' dir='ltr'><strong>veterum</strong></span> <span class='ocrx_word' id='word_1_50' title='bbox 540 674 695 738; x_wconf 89' lang='lat' dir='ltr'><strong>penetralia</strong></span> <span class='ocrx_word' id='word_1_51' title='bbox 704 688 818 741; x_wconf 80' lang='lat' dir='ltr'><strong>regum3</strong></span> 
     </span>
     <span class='ocr_line' id='line_1_9' title="bbox 101 740 923 809; baseline 0.007 -18"><span class='ocrx_word' id='word_1_52' title='bbox 101 742 285 808; x_wconf 78' lang='lat' dir='ltr'><strong>¹irmatooque</strong></span> <span class='ocrx_word' id='word_1_53' title='bbox 294 740 391 791; x_wconf 78' lang='lat' dir='ltr'><strong>rident</strong></span> <span class='ocrx_word' id='word_1_54' title='bbox 400 746 506 792; x_wconf 86' lang='lat' dir='ltr'><strong>stantes</strong></span> <span class='ocrx_word' id='word_1_55' title='bbox 517 742 546 791; x_wconf 92' lang='lat' dir='ltr'><strong>in</strong></span> <span class='ocrx_word' id='word_1_56' title='bbox 556 741 651 794; x_wconf 91' lang='lat' dir='ltr'><strong>limine</strong></span> <span class='ocrx_word' id='word_1_57' title='bbox 661 745 761 809; x_wconf 91' lang='lat' dir='ltr'><strong>primo.</strong></span> <span class='ocrx_word' id='word_1_58' title='bbox 873 745 923 797; x_wconf 78' lang='lat'><strong>485</strong></span> 
     </span>
     <span class='ocr_line' id='line_1_10' title="bbox 127 809 827 877; baseline 0 -17"><span class='ocrx_word' id='word_1_59' title='bbox 127 811 164 860; x_wconf 77' lang='lat' dir='ltr'><strong>nt</strong></span> <span class='ocrx_word' id='word_1_60' title='bbox 173 809 281 860; x_wconf 89' lang='lat' dir='ltr'><strong>domus</strong></span> <span class='ocrx_word' id='word_1_61' title='bbox 290 809 410 861; x_wconf 86' lang='lat' dir='ltr'><strong>interior</strong></span> <span class='ocrx_word' id='word_1_62' title='bbox 418 810 525 876; x_wconf 88' lang='lat' dir='ltr'><strong>gemitu</strong></span> <span class='ocrx_word' id='word_1_63' title='bbox 536 811 694 877; x_wconf 90' lang='lat' dir='ltr'><strong>miseroque</strong></span> <span class='ocrx_word' id='word_1_64' title='bbox 703 810 827 862; x_wconf 86' lang='lat' dir='ltr'><strong>tumultu</strong></span> 
     </span>
     <span class='ocr_line' id='line_1_11' title="bbox 99 877 812 946; baseline 0.004 -17"><span class='ocrx_word' id='word_1_65' title='bbox 99 878 249 941; x_wconf 79' lang='lat' dir='ltr'><strong>lliscetur3</strong></span> <span class='ocrx_word' id='word_1_66' title='bbox 266 879 434 946; x_wconf 74' lang='lat' dir='ltr'><strong>penitusque</strong></span> <span class='ocrx_word' id='word_1_67' title='bbox 444 894 529 931; x_wconf 78' lang='lat' dir='ltr'><strong>carae</strong></span> <span class='ocrx_word' id='word_1_68' title='bbox 538 877 718 945; x_wconf 77' lang='lat' dir='ltr'><strong>plangoribus</strong></span> <span class='ocrx_word' id='word_1_69' title='bbox 727 880 812 931; x_wconf 85' lang='lat' dir='ltr'><strong>aedes</strong></span> 
     </span>
     <span class='ocr_line' id='line_1_12' title="bbox 100 946 780 1007; baseline -0.001 -9"><span class='ocrx_word' id='word_1_70' title='bbox 100 947 238 999; x_wconf 72' lang='lat' dir='ltr'><strong>Femineis</strong></span> <span class='ocrx_word' id='word_1_71' title='bbox 247 946 374 1007; x_wconf 81' lang='lat' dir='ltr'><strong>ululant3</strong></span> <span class='ocrx_word' id='word_1_72' title='bbox 389 946 456 998; x_wconf 85' lang='lat' dir='ltr'><strong>ferit</strong></span> <span class='ocrx_word' id='word_1_73' title='bbox 466 962 554 998; x_wconf 88' lang='lat' dir='ltr'><strong>aurea</strong></span> <span class='ocrx_word' id='word_1_74' title='bbox 562 948 656 998; x_wconf 87' lang='lat' dir='ltr'><strong>sidera</strong></span> <span class='ocrx_word' id='word_1_75' title='bbox 665 948 780 999; x_wconf 85' lang='lat' dir='ltr'><strong>clamor.</strong></span> 
     </span>
     <span class='ocr_line' id='line_1_13' title="bbox 101 1015 791 1083; baseline -0.001 -15"><span class='ocrx_word' id='word_1_76' title='bbox 101 1018 167 1068; x_wconf 87' lang='lat' dir='ltr'><strong>l&#39;um</strong></span> <span class='ocrx_word' id='word_1_77' title='bbox 178 1015 302 1083; x_wconf 77' lang='lat' dir='ltr'><strong>pavidae</strong></span> <span class='ocrx_word' id='word_1_78' title='bbox 312 1018 394 1067; x_wconf 82' lang='lat' dir='ltr'><strong>tectis</strong></span> <span class='ocrx_word' id='word_1_79' title='bbox 403 1022 508 1068; x_wconf 86' lang='lat' dir='ltr'><strong>matres</strong></span> <span class='ocrx_word' id='word_1_80' title='bbox 517 1017 677 1083; x_wconf 80' lang='lat' dir='ltr'><strong>ingentibus</strong></span> <span class='ocrx_word' id='word_1_81' title='bbox 686 1024 791 1079; x_wconf 87' lang='lat' dir='ltr'><strong>errant,</strong></span> 
     </span>
     <span class='ocr_line' id='line_1_14' title="bbox 102 1085 925 1158; baseline 0.002 -21"><span class='ocrx_word' id='word_1_82' title='bbox 102 1086 310 1153; x_wconf 71' lang='lat' dir='ltr'><strong>duplexaeque</strong></span> <span class='ocrx_word' id='word_1_83' title='bbox 320 1090 418 1137; x_wconf 87' lang='lat' dir='ltr'><strong>tenent</strong></span> <span class='ocrx_word' id='word_1_84' title='bbox 427 1091 534 1151; x_wconf 83' lang='lat' dir='ltr'><strong>postes,</strong></span> <span class='ocrx_word' id='word_1_85' title='bbox 544 1090 629 1152; x_wconf 87' lang='lat' dir='ltr'><strong>atque</strong></span> <span class='ocrx_word' id='word_1_86' title='bbox 639 1085 737 1137; x_wconf 86' lang='lat' dir='ltr'><strong>oscula</strong></span> <span class='ocrx_word' id='word_1_87' title='bbox 744 1087 842 1153; x_wconf 85' lang='lat' dir='ltr'><strong>ligunt.</strong></span> <span class='ocrx_word' id='word_1_88' title='bbox 873 1090 925 1158; x_wconf 77' lang='lat'><strong>490</strong></span> 
     </span>
     <span class='ocr_line' id='line_1_15' title="bbox 102 1153 865 1222; baseline -0.003 -16"><span class='ocrx_word' id='word_1_89' title='bbox 102 1154 184 1207; x_wconf 81' lang='lat' dir='ltr'><strong>instat</strong></span> <span class='ocrx_word' id='word_1_90' title='bbox 193 1155 224 1203; x_wconf 79' lang='lat' dir='ltr'><strong>vi</strong></span> <span class='ocrx_word' id='word_1_91' title='bbox 235 1154 330 1220; x_wconf 86' lang='lat' dir='ltr'><strong>patria</strong></span> <span class='ocrx_word' id='word_1_92' title='bbox 340 1153 480 1220; x_wconf 61' lang='lat' dir='ltr'><strong>Pyrrhum</strong></span> <span class='ocrx_word' id='word_1_93' title='bbox 499 1169 551 1205; x_wconf 88' lang='lat' dir='ltr'><strong>neo</strong></span> <span class='ocrx_word' id='word_1_94' title='bbox 560 1154 696 1218; x_wconf 90' lang='lat' dir='ltr'><strong>claustra,</strong></span> <span class='ocrx_word' id='word_1_95' title='bbox 710 1169 801 1221; x_wconf 88' lang='lat' dir='ltr'><strong>neque</strong></span> <span class='ocrx_word' id='word_1_96' title='bbox 812 1157 865 1222; x_wconf 84' lang='lat' dir='ltr'><strong>ipsi</strong></span> 
     </span>
     <span class='ocr_line' id='line_1_16' title="bbox 102 1220 799 1276; baseline 0 -1"><span class='ocrx_word' id='word_1_97' title='bbox 102 1223 239 1275; x_wconf 74' lang='lat' dir='ltr'><strong>Custodes</strong></span> <span class='ocrx_word' id='word_1_98' title='bbox 248 1220 370 1274; x_wconf 77' lang='lat' dir='ltr'><strong>sufferre</strong></span> <span class='ocrx_word' id='word_1_99' title='bbox 378 1223 481 1275; x_wconf 80' lang='lat' dir='ltr'><strong>valent.</strong></span> <span class='ocrx_word' id='word_1_100' title='bbox 500 1223 592 1273; x_wconf 88' lang='lat' dir='ltr'><strong>Labat</strong></span> <span class='ocrx_word' id='word_1_101' title='bbox 602 1225 690 1276; x_wconf 85' lang='lat' dir='ltr'><strong>ariete</strong></span> <span class='ocrx_word' id='word_1_102' title='bbox 701 1226 799 1275; x_wconf 84' lang='lat' dir='ltr'><strong>crebro</strong></span> 
     </span>
     <span class='ocr_line' id='line_1_17' title="bbox 103 1292 773 1359; baseline 0.001 -15"><span class='ocrx_word' id='word_1_103' title='bbox 103 1294 198 1356; x_wconf 80' lang='lat' dir='ltr'><strong>lanua,</strong></span> <span class='ocrx_word' id='word_1_104' title='bbox 210 1298 242 1343; x_wconf 89' lang='lat' dir='ltr'><strong>et</strong></span> <span class='ocrx_word' id='word_1_105' title='bbox 252 1293 340 1344; x_wconf 89' lang='lat' dir='ltr'><strong>emoti</strong></span> <span class='ocrx_word' id='word_1_106' title='bbox 350 1292 537 1358; x_wconf 88' lang='lat' dir='ltr'><strong>procumbunt</strong></span> <span class='ocrx_word' id='word_1_107' title='bbox 547 1292 659 1344; x_wconf 87' lang='lat' dir='ltr'><strong>cardine</strong></span> <span class='ocrx_word' id='word_1_108' title='bbox 669 1300 773 1359; x_wconf 80' lang='lat' dir='ltr'><strong>postes</strong></span> 
     </span>
     <span class='ocr_line' id='line_1_18' title="bbox 105 1360 841 1428; baseline -0.004 -14"><span class='ocrx_word' id='word_1_109' title='bbox 105 1362 142 1413; x_wconf 75' lang='lat' dir='ltr'><strong>nt</strong></span> <span class='ocrx_word' id='word_1_110' title='bbox 149 1364 199 1414; x_wconf 82' lang='lat' dir='ltr'><strong>n&#39;a</strong></span> <span class='ocrx_word' id='word_1_111' title='bbox 209 1363 253 1423; x_wconf 80' lang='lat' dir='ltr'><strong>vi3</strong></span> <span class='ocrx_word' id='word_1_112' title='bbox 270 1366 404 1427; x_wconf 89' lang='lat' dir='ltr'><strong>rumpunt</strong></span> <span class='ocrx_word' id='word_1_113' title='bbox 413 1361 518 1421; x_wconf 88' lang='lat' dir='ltr'><strong>aditus,</strong></span> <span class='ocrx_word' id='word_1_114' title='bbox 529 1362 688 1428; x_wconf 85' lang='lat' dir='ltr'><strong>primosque</strong></span> <span class='ocrx_word' id='word_1_115' title='bbox 698 1360 841 1412; x_wconf 89' lang='lat' dir='ltr'><strong>trucidant</strong></span> 
     </span>
     <span class='ocr_line' id='line_1_19' title="bbox 108 1428 927 1503; baseline 0.005 -22"><span class='ocrx_word' id='word_1_116' title='bbox 108 1430 219 1483; x_wconf 78' lang='lat' dir='ltr'><strong>inmissi</strong></span> <span class='ocrx_word' id='word_1_117' title='bbox 228 1430 337 1491; x_wconf 89' lang='lat' dir='ltr'><strong>Danai,</strong></span> <span class='ocrx_word' id='word_1_118' title='bbox 349 1435 378 1480; x_wconf 90' lang='lat' dir='ltr'><strong>et</strong></span> <span class='ocrx_word' id='word_1_119' title='bbox 388 1429 443 1480; x_wconf 83' lang='lat' dir='ltr'><strong>late</strong></span> <span class='ocrx_word' id='word_1_120' title='bbox 453 1428 518 1479; x_wconf 86' lang='lat' dir='ltr'><strong>loca</strong></span> <span class='ocrx_word' id='word_1_121' title='bbox 528 1429 616 1481; x_wconf 90' lang='lat' dir='ltr'><strong>milite</strong></span> <span class='ocrx_word' id='word_1_122' title='bbox 627 1430 776 1497; x_wconf 79' lang='lat' dir='ltr'><strong>complent</strong></span> <span class='ocrx_word' id='word_1_123' title='bbox 876 1436 927 1503; x_wconf 75' lang='lat'><strong>495</strong></span> 
     </span>
     <span class='ocr_line' id='line_1_20' title="bbox 106 1499 827 1565; baseline -0.004 -14"><span class='ocrx_word' id='word_1_124' title='bbox 106 1499 158 1551; x_wconf 77' lang='lat' dir='ltr'><strong>¹l&#39;on</strong></span> <span class='ocrx_word' id='word_1_125' title='bbox 169 1502 229 1562; x_wconf 86' lang='lat' dir='ltr'><strong>sio,</strong></span> <span class='ocrx_word' id='word_1_126' title='bbox 239 1500 391 1565; x_wconf 81' lang='lat' dir='ltr'><strong>aggeribus</strong></span> <span class='ocrx_word' id='word_1_127' title='bbox 402 1499 492 1564; x_wconf 84' lang='lat' dir='ltr'><strong>ruptis</strong></span> <span class='ocrx_word' id='word_1_128' title='bbox 502 1514 588 1565; x_wconf 89' lang='lat' dir='ltr'><strong>quum</strong></span> <span class='ocrx_word' id='word_1_129' title='bbox 597 1514 728 1565; x_wconf 89' lang='lat' dir='ltr'><strong>spumeus</strong></span> <span class='ocrx_word' id='word_1_130' title='bbox 737 1501 827 1551; x_wconf 74' lang='lat' dir='ltr'><strong>amnis</strong></span> 
     </span>
     <span class='ocr_line' id='line_1_21' title="bbox 105 1568 722 1635; baseline -0.003 -14"><span class='ocrx_word' id='word_1_131' title='bbox 105 1571 186 1632; x_wconf 80' lang='lat' dir='ltr'><strong>Exiit,</strong></span> <span class='ocrx_word' id='word_1_132' title='bbox 197 1569 403 1635; x_wconf 84' lang='lat' dir='ltr'><strong>oppositasque</strong></span> <span class='ocrx_word' id='word_1_133' title='bbox 414 1568 497 1618; x_wconf 86' lang='lat' dir='ltr'><strong>evicit</strong></span> <span class='ocrx_word' id='word_1_134' title='bbox 505 1569 616 1634; x_wconf 84' lang='lat' dir='ltr'><strong>gurgite</strong></span> <span class='ocrx_word' id='word_1_135' title='bbox 625 1568 722 1629; x_wconf 86' lang='lat' dir='ltr'><strong>moles,</strong></span> 
     </span>
     <span class='ocr_line' id='line_1_22' title="bbox 108 1636 808 1703; baseline -0.003 -14"><span class='ocrx_word' id='word_1_136' title='bbox 108 1639 202 1691; x_wconf 78' lang='lat' dir='ltr'><strong>Fertur</strong></span> <span class='ocrx_word' id='word_1_137' title='bbox 212 1640 243 1688; x_wconf 93' lang='lat' dir='ltr'><strong>in</strong></span> <span class='ocrx_word' id='word_1_138' title='bbox 254 1652 326 1688; x_wconf 83' lang='lat' dir='ltr'><strong>arva</strong></span> <span class='ocrx_word' id='word_1_139' title='bbox 335 1636 432 1688; x_wconf 79' lang='lat' dir='ltr'><strong>furens</strong></span> <span class='ocrx_word' id='word_1_140' title='bbox 442 1636 568 1697; x_wconf 88' lang='lat' dir='ltr'><strong>cumulo,</strong></span> <span class='ocrx_word' id='word_1_141' title='bbox 578 1650 746 1703; x_wconf 83' lang='lat' dir='ltr'><strong>camposque</strong></span> <span class='ocrx_word' id='word_1_142' title='bbox 757 1651 808 1703; x_wconf 88' lang='lat' dir='ltr'><strong>per</strong></span> 
     </span>
     <span class='ocr_line' id='line_1_23' title="bbox 522 1720 619 1755; baseline -0.01 0"><span class='ocrx_word' id='word_1_143' title='bbox 522 1720 619 1755; x_wconf 76' lang='lat' dir='ltr'><strong>omnes</strong></span> 
     </span>
     <span class='ocr_line' id='line_1_24' title="bbox 117 1772 852 1840; baseline -0.007 -11"><span class='ocrx_word' id='word_1_144' title='bbox 117 1776 166 1829; x_wconf 66' lang='lat' dir='ltr'><strong>ium</strong></span> <span class='ocrx_word' id='word_1_145' title='bbox 176 1775 304 1828; x_wconf 87' lang='lat' dir='ltr'><strong>stabulis</strong></span> <span class='ocrx_word' id='word_1_146' title='bbox 316 1780 443 1825; x_wconf 84' lang='lat' dir='ltr'><strong>armenta</strong></span> <span class='ocrx_word' id='word_1_147' title='bbox 452 1772 547 1824; x_wconf 85' lang='lat' dir='ltr'><strong>trabit</strong></span> <span class='ocrx_word' id='word_1_148' title='bbox 567 1774 633 1826; x_wconf 81' lang='lat' dir='ltr'><strong>vidi</strong></span> <span class='ocrx_word' id='word_1_149' title='bbox 643 1775 702 1840; x_wconf 89' lang='lat' dir='ltr'><strong>ipse</strong></span> <span class='ocrx_word' id='word_1_150' title='bbox 713 1773 852 1826; x_wconf 67' lang='lat' dir='ltr'><strong>laurentem</strong></span> 
     </span>
     <span class='ocr_line' id='line_1_25' title="bbox 121 1844 927 1911; baseline -0.005 -12"><span class='ocrx_word' id='word_1_151' title='bbox 121 1844 643 1911; x_wconf 65' lang='lat' dir='ltr'><strong>‘aedeNeoptolemumgeminosquein</strong></span> <span class='ocrx_word' id='word_1_152' title='bbox 650 1844 867 1907; x_wconf 75' lang='lat' dir='ltr'><strong>limineltridas3</strong></span> <span class='ocrx_word' id='word_1_153' title='bbox 878 1844 927 1895; x_wconf 89' lang='lat'><strong>500</strong></span> 
     </span>
     <span class='ocr_line' id='line_1_26' title="bbox 125 1914 828 1979; baseline -0.01 -10"><span class='ocrx_word' id='word_1_154' title='bbox 125 1915 163 1967; x_wconf 87' lang='lat' dir='ltr'><strong>idi</strong></span> <span class='ocrx_word' id='word_1_155' title='bbox 171 1914 328 1968; x_wconf 77' lang='lat' dir='ltr'><strong>Hecubam</strong></span> <span class='ocrx_word' id='word_1_156' title='bbox 339 1919 506 1979; x_wconf 86' lang='lat' dir='ltr'><strong>centumque</strong></span> <span class='ocrx_word' id='word_1_157' title='bbox 518 1927 617 1974; x_wconf 88' lang='lat' dir='ltr'><strong>nurus,</strong></span> <span class='ocrx_word' id='word_1_158' title='bbox 633 1914 828 1979; x_wconf 82' lang='lat' dir='ltr'><strong>Priamumque</strong></span> 
     </span>
     <span class='ocr_line' id='line_1_27' title="bbox 522 1996 645 2047; baseline 0.008 -16"><span class='ocrx_word' id='word_1_159' title='bbox 522 1996 572 2047; x_wconf 84' lang='lat' dir='ltr'><strong>per</strong></span> <span class='ocrx_word' id='word_1_160' title='bbox 582 1996 645 2032; x_wconf 88' lang='lat' dir='ltr'><strong>aras</strong></span> 
     </span>
     <span class='ocr_line' id='line_1_28' title="bbox 135 2050 866 2123; baseline -0.008 -17"><span class='ocrx_word' id='word_1_161' title='bbox 135 2056 245 2123; x_wconf 84' lang='lat' dir='ltr'><strong>nguine</strong></span> <span class='ocrx_word' id='word_1_162' title='bbox 256 2050 433 2113; x_wconf 76' lang='lat' dir='ltr'><strong>foedantem,</strong></span> <span class='ocrx_word' id='word_1_163' title='bbox 449 2064 519 2117; x_wconf 91' lang='lat' dir='ltr'><strong>quos</strong></span> <span class='ocrx_word' id='word_1_164' title='bbox 530 2051 589 2117; x_wconf 87' lang='lat' dir='ltr'><strong>ipse</strong></span> <span class='ocrx_word' id='word_1_165' title='bbox 599 2055 770 2112; x_wconf 83' lang='lat' dir='ltr'><strong>sacraverat,</strong></span> <span class='ocrx_word' id='word_1_166' title='bbox 779 2052 866 2117; x_wconf 87' lang='lat' dir='ltr'><strong>ignes.</strong></span> 
     </span>
     <span class='ocr_line' id='line_1_29' title="bbox 139 2119 822 2192; baseline -0.006 -17"><span class='ocrx_word' id='word_1_167' title='bbox 139 2124 316 2192; x_wconf 75' lang='lat' dir='ltr'><strong>uinquaginta</strong></span> <span class='ocrx_word' id='word_1_168' title='bbox 325 2121 367 2171; x_wconf 91' lang='lat' dir='ltr'><strong>illi</strong></span> <span class='ocrx_word' id='word_1_169' title='bbox 378 2119 506 2179; x_wconf 82' lang='lat' dir='ltr'><strong>thalami,</strong></span> <span class='ocrx_word' id='word_1_170' title='bbox 518 2134 580 2184; x_wconf 83' lang='lat' dir='ltr'><strong>spes</strong></span> <span class='ocrx_word' id='word_1_171' title='bbox 591 2126 670 2170; x_wconf 88' lang='lat' dir='ltr'><strong>tanta</strong></span> <span class='ocrx_word' id='word_1_172' title='bbox 679 2126 822 2186; x_wconf 76' lang='lat' dir='ltr'><strong>nepotum,</strong></span> 
     </span>
     <span class='ocr_line' id='line_1_30' title="bbox 144 2188 737 2258; baseline -0.01 -13"><span class='ocrx_word' id='word_1_173' title='bbox 144 2194 255 2245; x_wconf 81' lang='lat' dir='ltr'><strong>rbarioo</strong></span> <span class='ocrx_word' id='word_1_174' title='bbox 266 2196 362 2258; x_wconf 85' lang='lat' dir='ltr'><strong>postes</strong></span> <span class='ocrx_word' id='word_1_175' title='bbox 372 2204 443 2240; x_wconf 88' lang='lat' dir='ltr'><strong>auro</strong></span> <span class='ocrx_word' id='word_1_176' title='bbox 454 2188 605 2255; x_wconf 89' lang='lat' dir='ltr'><strong>spoliisque</strong></span> <span class='ocrx_word' id='word_1_177' title='bbox 615 2190 737 2254; x_wconf 88' lang='lat' dir='ltr'><strong>superbi,</strong></span> 
     </span>
     <span class='ocr_line' id='line_1_31' title="bbox 147 2258 927 2325; baseline -0.004 -12"><span class='ocrx_word' id='word_1_178' title='bbox 147 2262 297 2323; x_wconf 77' lang='lat' dir='ltr'><strong>›cubuere;</strong></span> <span class='ocrx_word' id='word_1_179' title='bbox 313 2264 411 2310; x_wconf 86' lang='lat' dir='ltr'><strong>tenent</strong></span> <span class='ocrx_word' id='word_1_180' title='bbox 419 2258 523 2317; x_wconf 82' lang='lat' dir='ltr'><strong>Danai,</strong></span> <span class='ocrx_word' id='word_1_181' title='bbox 535 2273 591 2324; x_wconf 92' lang='lat' dir='ltr'><strong>qua</strong></span> <span class='ocrx_word' id='word_1_182' title='bbox 600 2258 695 2309; x_wconf 86' lang='lat' dir='ltr'><strong>delicit</strong></span> <span class='ocrx_word' id='word_1_183' title='bbox 704 2258 784 2325; x_wconf 88' lang='lat' dir='ltr'><strong>ignis.</strong></span> <span class='ocrx_word' id='word_1_184' title='bbox 878 2259 927 2312; x_wconf 84' lang='lat'><strong>505</strong></span> 
     </span>
     <span class='ocr_line' id='line_1_32' title="bbox 151 2325 868 2395; baseline -0.011 -12"><span class='ocrx_word' id='word_1_185' title='bbox 151 2331 271 2383; x_wconf 70' lang='lat' dir='ltr'><strong>lorsitan</strong></span> <span class='ocrx_word' id='word_1_186' title='bbox 283 2332 325 2390; x_wconf 89' lang='lat' dir='ltr'><strong>et,</strong></span> <span class='ocrx_word' id='word_1_187' title='bbox 336 2328 440 2379; x_wconf 87' lang='lat' dir='ltr'><strong>Priami</strong></span> <span class='ocrx_word' id='word_1_188' title='bbox 451 2326 557 2377; x_wconf 83' lang='lat' dir='ltr'><strong>fuerint</strong></span> <span class='ocrx_word' id='word_1_189' title='bbox 567 2342 639 2393; x_wconf 88' lang='lat' dir='ltr'><strong>quae</strong></span> <span class='ocrx_word' id='word_1_190' title='bbox 650 2325 721 2387; x_wconf 81' lang='lat' dir='ltr'><strong>iata,</strong></span> <span class='ocrx_word' id='word_1_191' title='bbox 732 2329 868 2395; x_wconf 81' lang='lat' dir='ltr'><strong>requiras.</strong></span> 
     </span>
     <span class='ocr_line' id='line_1_33' title="bbox 156 2395 738 2464; baseline -0.01 -13"><span class='ocrx_word' id='word_1_192' title='bbox 156 2402 187 2451; x_wconf 70' lang='lat' dir='ltr'><strong>»is</strong></span> <span class='ocrx_word' id='word_1_193' title='bbox 196 2401 241 2451; x_wconf 90' lang='lat' dir='ltr'><strong>uti</strong></span> <span class='ocrx_word' id='word_1_194' title='bbox 252 2403 355 2464; x_wconf 86' lang='lat' dir='ltr'><strong>captae</strong></span> <span class='ocrx_word' id='word_1_195' title='bbox 366 2412 459 2448; x_wconf 87' lang='lat' dir='ltr'><strong>casum</strong></span> <span class='ocrx_word' id='word_1_196' title='bbox 471 2395 659 2463; x_wconf 75' lang='lat' dir='ltr'><strong>convulsaque</strong></span> <span class='ocrx_word' id='word_1_197' title='bbox 668 2396 738 2446; x_wconf 72' lang='lat' dir='ltr'><strong>sidit</strong></span> 
     </span>
     <span class='ocr_line' id='line_1_34' title="bbox 160 2464 795 2582; baseline -0.011 -61"><span class='ocrx_word' id='word_1_198' title='bbox 160 2470 215 2521; x_wconf 81' lang='lat' dir='ltr'><strong>ina</strong></span> <span class='ocrx_word' id='word_1_199' title='bbox 224 2472 382 2529; x_wconf 82' lang='lat' dir='ltr'><strong>tectorum,</strong></span> <span class='ocrx_word' id='word_1_200' title='bbox 392 2471 422 2518; x_wconf 87' lang='lat' dir='ltr'><strong>et</strong></span> <span class='ocrx_word' id='word_1_201' title='bbox 431 2465 552 2582; x_wconf 60' lang='lat' dir='ltr'><strong>mediuqn</strong></span> <span class='ocrx_word' id='word_1_202' title='bbox 564 2466 593 2514; x_wconf 90' lang='lat' dir='ltr'><strong>in</strong></span> <span class='ocrx_word' id='word_1_203' title='bbox 604 2464 795 2530; x_wconf 85' lang='lat' dir='ltr'><strong>penetralibus</strong></span> 
     </span>
     <span class='ocr_line' id='line_1_35' title="bbox 543 2539 639 2592; baseline -0.01 -9"><span class='ocrx_word' id='word_1_204' title='bbox 543 2539 639 2592; x_wconf 88' lang='lat' dir='ltr'><strong>ostem,</strong></span> 
     </span>
     <span class='ocr_line' id='line_1_36' title="bbox 169 2602 754 2659; baseline -0.015 0"><span class='ocrx_word' id='word_1_205' title='bbox 169 2606 246 2659; x_wconf 86' lang='lat' dir='ltr'><strong>adiu</strong></span> <span class='ocrx_word' id='word_1_206' title='bbox 256 2606 354 2658; x_wconf 86' lang='lat' dir='ltr'><strong>senior</strong></span> <span class='ocrx_word' id='word_1_207' title='bbox 364 2603 481 2655; x_wconf 82' lang='lat' dir='ltr'><strong>desueta</strong></span> <span class='ocrx_word' id='word_1_208' title='bbox 490 2602 675 2652; x_wconf 82' lang='lat' dir='ltr'><strong>trementibus</strong></span> <span class='ocrx_word' id='word_1_209' title='bbox 685 2614 754 2651; x_wconf 73' lang='lat' dir='ltr'><strong>aevo</strong></span> 
     </span>
     <span class='ocr_line' id='line_1_37' title="bbox 173 2665 931 2742; baseline -0.016 -13"><span class='ocrx_word' id='word_1_210' title='bbox 173 2676 268 2729; x_wconf 89' lang='lat' dir='ltr'><strong>umdat</strong></span> <span class='ocrx_word' id='word_1_211' title='bbox 277 2673 465 2742; x_wconf 86' lang='lat' dir='ltr'><strong>nequidquam</strong></span> <span class='ocrx_word' id='word_1_212' title='bbox 475 2669 606 2731; x_wconf 79' lang='lat' dir='ltr'><strong>humeris,</strong></span> <span class='ocrx_word' id='word_1_213' title='bbox 616 2676 645 2720; x_wconf 82' lang='lat' dir='ltr'><strong>ot</strong></span> <span class='ocrx_word' id='word_1_214' title='bbox 655 2667 754 2719; x_wconf 87' lang='lat' dir='ltr'><strong>inutile</strong></span> <span class='ocrx_word' id='word_1_215' title='bbox 764 2665 931 2721; x_wconf 75' lang='lat' dir='ltr'><strong>terrumbm</strong></span> 
     </span>
    </p>
   </div>
   <div class='ocr_carea' id='block_1_3' title="bbox 0 0 963 3052">
    <p class='ocr_par' dir='ltr' id='par_1_3' title="bbox 0 0 963 3052">
     <span class='ocr_line' id='line_1_38' title="bbox 0 0 963 3052; baseline 0 0"><span class='ocrx_word' id='word_1_216' title='bbox 0 0 963 3052; x_wconf 95' lang='lat' dir='ltr'><strong> </strong></span> 
     </span>
    </p>
   </div>
  </div>
 </body>
</html>
