1882 3052
88 130 278 198 ,semaluos
300 143 384 201 ΜΒ.
401 146 459 201 lli.
587 145 641 203 ,lbi

88 247 174 300 linum
184 250 313 302 manibus
322 250 440 318 periisse
449 250 562 304 iuvabit

88 331 151 368 mua
162 318 318 384 amplexus,
328 322 502 388 genibusque
511 321 642 374 volutans

88 389 105 436 ri
118 389 166 448 sit,
177 387 244 452 fari,
253 404 308 457 quo
319 391 454 458 sanguine
465 395 567 453 cretus,
588 412 595 418 ·

88 471 134 508 rae
144 457 244 510 deinde
253 460 340 526 agitet
348 459 487 521 Fortuna,
499 458 593 511 fateri.

88 531 168 576 stram
174 526 315 590 Anchises,
325 527 401 579 baud
411 527 640 594 multamoratus,
650 519 700 574 610

88 599 640 667 queanimumpraescntipignorelirmat.
674 598 677 603 “

88 665 556 730 usitatandemformidine,fatur;
698 662 703 671 ⁸

88 749 94 784 1
104 733 214 797 Ithaca,
225 750 316 788 comes
327 737 447 788 infelicis
458 737 542 800 Vlixi,

88 804 208 866 renides,
225 807 338 856 Troiam
350 809 478 873 genitore
488 807 640 859 Adamasto

88 867 699 942 sissctqueutinamfortunal)profectus-615

88 943 188 1006 trepidi
200 943 325 994 crudelia
334 944 431 994 limina
440 944 579 1011 linquunt,

88 1013 136 1072 scii
147 1018 224 1062 vasto
236 1013 366 1078 Cyclopis
376 1015 404 1062 in
416 1018 497 1064 autre

88 1095 171 1130 lomus
182 1082 258 1132 sanie
271 1082 440 1150 dapibusque
451 1083 583 1146 cruentis,

88 1165 182 1216 ngens.
203 1151 392 1216 lpsearduus,
404 1151 515 1220 altaque
526 1151 622 1217 pulsat

90 1219 163 1270 alem
174 1220 258 1270 terris
269 1222 386 1272 avertite
396 1220 532 1286 pestemi)
646 1209 698 1262 620

88 1290 121 1349 is,
132 1303 183 1339 nec
194 1288 270 1338 dictu
281 1287 399 1340 affabilis
410 1290 470 1340 ulli.
580 1350 585 1355 .

88 1373 212 1409 serarum
222 1362 251 1408 et
261 1360 395 1424 sauguine
406 1358 528 1411 vescitur
539 1361 610 1408 atro.

88 1427 134 1478 luc
147 1427 180 1477 de
191 1441 305 1476 nurnero
317 1442 401 1494 quum
413 1440 531 1492 corpora
540 1432 638 1477 nostro
709 1464 713 1468 .

88 1510 186 1563 magna
196 1495 286 1546 medio
297 1498 443 1562 resupinus
453 1497 481 1544 in
493 1499 574 1544 antro

88 1579 200 1626 saxum,
211 1565 341 1630 sanieque
353 1578 485 1630 exspersu
496 1568 628 1614 natarent
645 1560 695 1613 625

88 1639 143 1684 stro
154 1649 236 1699 quum
248 1634 371 1684 membra
381 1633 497 1685 fluentia
507 1632 572 1683 tabo

87 1704 173 1768 tepidi
184 1707 338 1754 tremerent
346 1703 397 1754 sub
409 1702 537 1754 dentibus
548 1703 635 1751 artus.

93 1772 218 1839 quidem3
233 1787 285 1822 nec
295 1772 363 1822 talia
373 1786 471 1837 passus
481 1770 587 1832 Vlixes,
679 1776 694 1785 '

88 1846 125 1901 est
134 1840 246 1892 Ithacus
257 1840 414 1892 discrimine
425 1844 512 1891 tantu.

88 1911 192 1978 epletus
204 1910 321 1974 dapibus
330 1911 449 1975 vinoque
460 1907 594 1976 sepultus,
643 1905 693 1960 63⁰
765 1915 774 1923 “

88 1995 158 2030 exam
169 1981 275 2046 posuit,
287 1979 427 2042 iacuitque
439 1992 489 2045 per
498 1983 611 2028 antrum
797 1985 806 2008 ⁸

88 2051 159 2101 niem
170 2052 300 2100 eructans
311 2062 344 2100 ec
357 2044 448 2096 frusta
458 2056 570 2100 cruento

88 2120 228 2170 =ommixta
238 2131 329 2181 mero,
342 2130 406 2179 nos,
416 2130 517 2184 magna
526 2113 634 2182 precati

89 2189 167 2257 tique
175 2189 326 2249 vices,una
335 2186 459 2253 undique
468 2186 573 2238 circum

89 2258 149 2310 telo
159 2256 255 2308 lumen
264 2256 438 2307 terebramus
448 2259 532 2306 acuto
643 2245 694 2302 635
774 2254 776 2265 '

88 2332 163 2379 torua
171 2327 262 2378 solum
272 2325 323 2377 sub
333 2323 425 2376 fronte
436 2321 552 2385 latebat,

88 2400 91 2448 l
102 2401 151 2450 aut
159 2394 305 2448 Phoebeae
315 2393 452 2461 lampadis
461 2390 561 2452 instar,

88 2468 115 2518 :ti
126 2467 264 2522 sociorum
276 2465 438 2516 ulciscimur
447 2462 570 2514 umbras.

88 2530 623 2604 miseri‚lugite,atquealitorelunem

656 2597 714 2653 bus
799 2669 804 2681 x

88 2678 228 2746 artusque
238 2691 310 2736 caro
317 2678 568 2808 Polypbimusiu
573 2676 664 2731 anim
