1882 3052
211 107 275 180 zos'
368 125 399 181 r.
416 124 604 181 vincinn
623 123 818 180 nunonis

154 233 203 284 656
211 229 273 281 Non
286 228 351 292 fuit,
361 235 477 295 excepto
487 229 636 281 laurentis
645 243 761 295 corpore
772 228 871 295 Turni.

212 299 336 360 Lausus,
346 302 447 365 equum
458 298 589 360 domitor,
601 297 812 364 debellatorque
823 295 940 357 ferarum,

212 367 299 418 Ducit
308 367 440 434 Agyllina
450 367 636 434 nequidquam
648 381 682 416 ex
691 368 762 418 urbe
772 370 880 418 secutos
918 386 925 395 ·

212 435 292 488 Mille
302 438 390 498 viros;
406 435 518 502 dignus,
528 437 626 500 patriis
636 436 685 501 qui
693 435 796 486 laetior
806 439 879 487 esset

212 506 351 570 Imperiis,
362 509 391 556 et
400 505 443 555 cui
453 508 533 569 pater
543 503 616 556 haud
627 504 787 555 Mezentius
798 507 878 555 esset

155 575 204 626 655
248 574 316 625 Post
325 572 376 624 hos
385 575 521 640 insignem
532 573 625 638 palma
634 587 684 638 per
694 573 824 640 granrina
834 574 933 624 errrrrn'

214 644 398 708 Victoresque
408 646 532 692 ostentat
541 646 717 708 equos,satus
722 640 848 693 Hercule
856 641 914 707 pul·
926 671 928 682 »

213 711 335 764 Pulcher
345 712 510 773 Aventinum
527 709 671 778 clipeoque
681 712 793 778 insigne
802 716 936 776 paternum

157 786 160 791 '
216 781 333 832 Centum
344 794 462 847 ungues,
473 781 646 847 cinctamque
656 780 911 846 geritseruentibur

626 849 771 915 Hydram,

216 917 302 969 collis
312 917 439 968 Aventini
449 917 517 969 silva
529 933 610 983 quem
620 915 841 969 Rbeasacerdos

158 986 361 1038 osofurtinun
372 991 453 1053 partu
464 988 514 1038 sub
525 987 636 1036 luminis
647 986 735 1038 edidit
745 1001 821 1049 oras,
918 1000 921 1005 ’

216 1055 309 1106 Mixta
319 1056 375 1107 deo.
383 1055 495 1118 mulier,
505 1060 652 1121 postquam
662 1056 821 1106 Laurentia
827 1055 916 1119 ricton

218 1123 350 1190 Geryone
361 1124 510 1186 exstincto,
521 1124 688 1189 Tirynthius
698 1125 793 1192 attigit
802 1139 875 1189 arva,

217 1191 420 1259 'syrrhenoque
430 1193 512 1243 bores
523 1194 552 1242 in
562 1191 676 1245 flumine
686 1193 756 1244 lavit
766 1196 866 1246 iberas.

216 1260 278 1312 Pila
288 1276 372 1311 manu
382 1275 535 1329 saevosque
546 1268 648 1329 gerunt
656 1264 685 1312 in
696 1262 773 1314 bella
783 1263 903 1327 dolenes3

158 1325 208 1380 665
217 1330 254 1382 Et
263 1333 346 1382 tereti
357 1335 482 1397 pugnant
492 1346 624 1382 mucrone
634 1347 758 1400 veruque
768 1331 887 1386 Sabelle

217 1401 279 1466 lpse
290 1401 387 1466 pedes,
397 1405 527 1468 tegumen
538 1406 669 1467 torquens
679 1403 802 1454 immane
813 1404 909 1465 leonis,
923 1450 930 1459 ,

219 1469 350 1521 'l'erribili
360 1471 500 1535 impexum
511 1475 582 1532 sete,
594 1486 656 1520 cunr
669 1471 800 1522 dentibus
810 1473 887 1536 albis,
933 1486 937 1495 “

218 1538 336 1590 lndutus
347 1539 494 1606 capiti,.sic
505 1541 582 1606 regia
592 1540 791 1593 tectasubibat·

219 1609 373 1672 Horridus,
386 1609 584 1675 Herculeoque
595 1607 725 1660 humeros
735 1610 916 1663 innexus-ard

160 1677 210 1739 670
254 1679 331 1730 'Fum-
339 1679 442 1745 gemini
453 1677 555 1729 fratres
565 1679 694 1729 Tiburtia
704 1681 819 1731 moenia
829 1681 913 1748 linqu
935 1701 936 1707 ¹

219 1745 327 1798 Fratris
340 1748 450 1799 Tiburti
463 1748 564 1799 dictam
574 1750 738 1815 cognomine
749 1755 873 1816 gentem,

220 1816 391 1884 Catillusque
403 1831 521 1883 acerque
533 1817 631 1878 Coras,
641 1818 743 1884 Argivo
752 1821 896 1882 iuventus3

218 1885 255 1934 Et
264 1887 380 1949 primam
391 1891 455 1936 ante
467 1889 553 1937 aciem
565 1887 651 1938 densa
659 1889 734 1938 inter
744 1889 806 1939 tela
817 1889 937 1941 feruntur

220 1953 277 2003 Ceu
289 1953 343 2004 duo
354 1954 508 2018 nubigenae
519 1971 603 2022 quum
613 1959 715 2007 vertice
726 1961 835 2009 montis
844 1959 875 2011 eb
883 1954 937 2007 alto

160 2022 209 2086 675
219 2020 401 2073 Descendunt
412 2024 556 2086 Centauri,
567 2026 706 2077 Homolen
717 2026 894 2096 Othrquue
902 2026 939 2077 ni-

218 2157 391 2225 Linquentes
403 2174 486 2210 cursu
497 2163 609 2227 rapid03
624 2165 673 2214 dat
683 2167 817 2218 euntibus
828 2169 923 2235 ingens

220 2225 296 2278 Silva
307 2227 411 2288 locuni,
422 2235 450 2279 et
460 2245 559 2297 magno
571 2232 675 2284 cedunt
683 2235 807 2302 virgulta
817 2236 934 2305 fragore·

254 2295 312 2348 Nee
322 2295 521 2351 Praenestinae
532 2299 664 2353 fundator
675 2303 764 2356 defuit
774 2308 863 2369 urbis,

219 2366 347 2418 Vulcano
357 2368 480 2432 genitum
492 2384 596 2437 pecora
604 2373 679 2425 inter
690 2377 818 2440 agrestia
828 2391 928 2444 regern,

162 2432 210 2486 680
218 2437 420 2502 Inventunrque
430 2435 500 2488 focis
510 2440 598 2489 omnis
609 2457 690 2509 quem
702 2445 826 2496 credidit
836 2452 921 2507 aetas,

220 2504 365 2556 Caeculus.
386 2505 469 2557 Hunc
481 2507 552 2574 legio
564 2508 621 2561 late
633 2513 784 2564 comitatur
795 2519 931 2583 agrestio

219 2575 328 2642 Quique
339 2574 426 2625 altum
438 2575 587 2629 Praeneste
598 2581 659 2641 viri,
669 2583 771 2650 quique
783 2586 896 2638 arvaG
912 2610 921 2629 ι

219 2644 346 2708 lunonis,
357 2644 534 2715 gelidumque
542 2649 687 2715 Anienem,
698 2657 727 2704 et
736 2656 855 2709 roscida
863 2657 928 2708 rivis
