1882 3052
144 211 193 267 sss
294 211 324 264 r.
344 186 529 264 vinciam
548 209 741 264 menonis

4 373 9 381 ,
82 318 133 370 580
142 316 259 370 lliadum
270 315 352 368 turba
362 320 391 367 et
399 313 528 383 Phrygiis
537 315 669 366 comitata
679 313 831 365 ministris?

143 386 285 445 Occiderit
294 384 372 436 larro
380 382 527 434 Priamusl
539 384 627 436 Troia
637 385 740 434 arserit
748 385 828 452 ignit

140 453 314 519 Dardpnium
324 453 407 503 toties
417 451 525 509 sudarit
534 455 669 520 sanguine
678 451 767 503 litusl
840 458 847 468 ⁸

140 522 204 575 Non
213 523 261 589 ita.
279 521 413 588 Namque,
424 521 477 572 etsi
487 520 594 572 nullum
604 521 787 573 memorabile
797 533 849 573 non

141 591 311 644 Femineam
321 603 412 655 poena
422 594 477 651 ast,
486 605 537 639 nec
547 589 631 641 habet
638 591 757 641 victoria
767 590 849 643 laude

83 656 133 711 585
142 657 314 710 Exstinxisse
323 655 403 707 nefas
412 661 506 708 tamen
518 663 546 709 et
556 659 686 711 sumsisse
696 661 832 711 merentis

142 725 292 779 Laudabor
300 740 419 792 poenas,
430 727 606 794 animumque
617 727 743 794 explesse
752 728 845 780 iurabi

141 797 258 850 Vitricis
269 793 411 857 dammae,
422 800 450 847 et
461 796 568 846 cineres
578 798 694 855 satiasse
704 811 842 849 meorum.

142 864 224 916 Talia
234 863 385 926 instabam,
395 870 425 914 et
435 863 538 916 furIata
548 871 641 918 mente
653 866 764 918 ferebar
772 864 793 934 3]

142 933 233 995 Quum
244 931 311 983 mihi
321 947 360 996 se,
367 946 422 983 non
432 938 495 984 ante
503 934 589 984 oculis
596 939 652 984 tam
660 934 744 998 clai-a,
749 933 849 986 vidend

83 1000 134 1069 590
143 1002 265 1065 Obtulit,
276 1007 304 1052 et
312 1016 383 1068 pura
392 1017 443 1068 per
452 1007 560 1054 noctem
571 1004 598 1052 in
609 1002 670 1054 luce
680 1003 795 1055 refulsit

144 1071 224 1124 Alma
233 1085 346 1137 parens,
358 1071 486 1123 consessa
495 1071 589 1134 deam,
600 1073 743 1140 qualisque
752 1071 841 1124 videri

143 1140 301 1202 Coelicolis,
311 1145 340 1190 et
349 1144 460 1206 quanta,
470 1140 557 1204 solet3
568 1141 720 1210 dextraque
730 1139 849 1208 prebens

143 1209 302 1270 Conticuit,
313 1222 447 1275 roseoque
457 1208 525 1259 haec
535 1211 649 1275 insuper
659 1209 769 1261 addidit
777 1225 841 1260 ore:

142 1276 223 1339 Nate,
234 1277 293 1344 quis
304 1276 451 1330 indomitas
469 1283 564 1328 tantus
576 1277 849 1330 doloremmeum*

76 1345 134 1412 ,595
144 1347 217 1409 Quid
228 1343 312 1396 iurisl
329 1351 378 1396 aut
388 1360 506 1413 quonam
518 1349 605 1397 nostri
616 1347 665 1397 tibi
677 1363 744 1398 cura
754 1361 849 1398 recess

144 1416 204 1468 Non
216 1416 293 1489 prius
304 1414 454 1480 adspicies,
464 1415 511 1465 ubi
522 1415 623 1466 fessum
635 1421 728 1467 aetate
738 1420 849 1482 parents

135 1486 271 1552 aLiqueris
281 1481 435 1535 Anchisen?
450 1488 564 1550 superet
574 1486 729 1536 coniunxne
739 1485 849 1536 Creiisa

143 1553 329 1620 Ascaniusque
338 1551 424 1618 pueri
440 1567 508 1619 quos
520 1567 614 1604 omnes
624 1553 743 1620 undique
756 1553 849 1604 Graias

145 1622 254 1673 Circum
265 1626 360 1672 errant
371 1622 457 1684 acies,
467 1626 509 1684 et,
519 1622 547 1671 ni
559 1637 621 1672 mea
630 1637 696 1672 cura
706 1623 832 1686 resistat,

84 1689 134 1741 don
143 1690 201 1741 lam
212 1688 340 1740 llammae
350 1690 482 1753 tulerint,
492 1691 618 1740 inimicus
630 1695 658 1740 et
669 1687 798 1742 hauserit
808 1706 849 1742 em

143 1758 206 1821 Non
216 1759 267 1809 tibi
278 1758 446 1823 Tyndaridis
457 1758 541 1810 facies
551 1759 640 1809 inrisa
650 1759 809 1822 Lacaenae,

145 1826 311 1891 culpatusve
320 1825 415 1888 Paris3
432 1826 523 1876 divdm
536 1827 726 1890 inclementia,
738 1827 843 1891 divum,

143 1895 202 1944 Has
213 1894 313 1944 evertit
323 1907 403 1959 opes,
413 1896 567 1963 sternitque
579 1909 595 1945 a
605 1895 723 1946 culmine
734 1898 849 1947 Troiam

141 1963 804 2030 Adspice:namqueomnem,quaenuncobducta
811 1971 849 2016 tu«

85 2027 133 2081 505
142 2029 270 2082 Mortalis
281 2027 394 2080 hebetat
402 2031 476 2080 visus
486 2033 551 2093 tibi,
562 2038 591 2083 et
601 2032 713 2083 humida
723 2035 831 2087 circum

143 2099 262 2165 Caligat,
273 2097 373 2148 nubem
384 2100 513 2166 eripiam;
529 2106 560 2150 tu
571 2117 606 2153 ne
618 2116 672 2168 qua
681 2106 807 2167 parentis

141 2166 220 2218 Iussa
229 2167 308 2228 time,
319 2182 374 2217 neu
385 2170 538 2235 praeceptis
547 2184 646 2235 parere
656 2185 765 2222 recusa.

142 2235 209 2298 llic,
219 2235 265 2286 ubi
278 2236 407 2287 disiectas
417 2237 505 2288 moles
516 2238 666 2305 avulsaque
676 2242 751 2290 saxis

142 2303 217 2354 Saxa
226 2305 317 2367 rides,
327 2308 470 2374 mixtoque
480 2307 629 2358 undantem
641 2308 754 2373 pulvere
765 2307 849 2362 sumu*

83 2376 133 2428 dio
141 2372 286 2438 Neptunus
296 2389 391 2425 muros
401 2390 557 2443 magnoque
567 2381 659 2427 emota
668 2377 785 2429 tridenti

142 2441 334 2496 Fundamenta
344 2443 446 2509 quatit,
456 2447 601 2510 totamque
611 2445 645 2495 ab
656 2446 770 2498 sedibus
778 2446 849 2501 urbo

143 2513 238 2563 Eruit:
253 2511 308 2564 Hic
317 2512 386 2563 luno
398 2511 500 2564 Scaeas
510 2509 668 2565 saevissima
678 2521 775 2581 portas

144 2579 238 2631 Prima
246 2585 337 2643 tenet,
348 2581 506 2649 sociumque
517 2581 612 2634 furens
622 2584 762 2635 anavibus
772 2600 849 2654 agmt

145 2646 232 2700 Ferro
242 2650 377 2712 accincta,
387 2655 476 2723 vocat.

88 2716 137 2769 dil>
148 2717 204 2768 lam
214 2733 335 2774 summas
344 2734 423 2809 arces
433 2719 575 2784 Tritonia,
585 2721 706 2788 respice,
714 2719 812 2777 Pallas
