1882 3052
140 141 193 195 ald
301 140 333 194 P.
351 137 532 195 virumn
553 131 742 190 MARONlS

142 243 194 295 Dis
204 243 299 296 sedem
310 245 438 312 exiguam
449 245 546 310 patriis
555 242 678 310 litusque
687 251 825 305 rogamus

12 318 29 353 s
83 305 308 377 2³01nn0cuun,
319 318 348 366 et
357 314 464 383 cunctis
475 313 632 379 undamque
642 321 799 375 auramque
808 317 848 373 par

555 385 621 432 tem.

140 453 204 505 Non
215 453 319 505 erimus
328 450 584 520 regnauindeeorem
598 458 649 500 nee
658 451 754 499 restra
765 443 848 497 serett

142 521 230 573 Fama
239 522 319 587 levis,
330 522 435 573 tantive
446 520 589 572 abolescet
596 515 782 586 gratia'facti3

141 590 200 642 Nec
210 593 324 642 Troiam
333 591 471 641 Ausonios
481 591 588 656 gremio
599 587 745 653 excepisse
755 581 848 650 pigebl

143 659 214 710 Fata
221 674 274 726 per
282 661 391 711 Aeneae
402 661 477 720 iuro,
488 658 670 724 dextramque
681 658 833 721 potentem,

84 725 134 780 235
145 727 208 780 Sive
219 729 286 790 tide,
297 743 347 780 seu
358 730 419 796 quis
429 727 504 780 bello
516 732 560 778 est
569 730 702 792 expertus
715 730 745 776 et
754 722 848 783 armis3

144 797 230 849 Multi
238 811 289 848 nos
300 798 409 864 pepuli,
420 797 525 848 multae
535 800 580 859 (ne
591 801 698 859 temne,
714 791 790 860 quod
799 789 848 840 ultr

144 865 333 918 Praeserimus
344 868 470 918 manibus
480 866 564 916 vittas
573 881 607 916 ae
616 865 703 916 rerba
713 859 848 929 precantia

144 935 181 986 Et
210 935 296 987 etiere
307 936 358 1002 sibi
371 942 401 987 et
409 937 523 987 voluere
533 934 686 1000 adiungere
697 935 804 998 gentes.

144 950 265 1056 Serfnos·
272 1004 330 1056 fata
340 1004 422 1056 derim
429 1010 538 1056 vestras
550 1006 698 1070 exquirere
708 1006 802 1053 terras

85 1067 269 1138 alelniperiis
280 1088 363 1139 egere
373 1075 439 1123 suis.
459 1074 533 1125 Hinc
542 1073 692 1124 Dardanus
704 1073 785 1121 ortus

144 1142 208 1194 Huc
218 1143 331 1208 repetit,
341 1143 480 1208 iussisque
491 1142 746 1207 ingentibdsurget
754 1133 848 1203 Apollo

144 1208 325 1277 Tyrrhenum
335 1209 371 1261 ad
381 1209 518 1276 Thybrim
530 1216 559 1261 ct
569 1209 656 1260 sentis
667 1208 741 1258 rada
750 1202 848 1261 raoni

561 1283 634 1330 mrci.

146 1347 204 1400 Dat
212 1349 262 1399 tibi
272 1353 419 1415 praeterea
428 1346 570 1401 Fortunae
581 1362 667 1414 parva
676 1347 780 1413 prioris

147 1418 276 1469 Munera:
291 1417 423 1486 reliquias
433 1419 520 1471 Troia
530 1432 565 1469 ex
575 1418 691 1468 ardente
703 1419 836 1480 receptas.

87 1478 138 1530 245
146 1488 209 1538 Hcc
218 1493 299 1553 'pater
308 1486 440 1540 Anchises
451 1501 520 1538 euro
531 1486 637 1545 libabat
646 1485 682 1536 ud
694 1498 804 1539 auras=¹

48 1598 58 1615 ,
146 1557 208 1608 Hoc
218 1557 321 1608 Priami
332 1563 474 1623 gestamen
485 1562 557 1618 erat,
570 1564 653 1623 quum
665 1556 729 1605 iura
738 1552 841 1603 voeatis

146 1625 227 1677 More
238 1625 444 1692 duretpup'ulis3
456 1630 659 1692 sceptrumque,
670 1620 848 1689 sacerquetia

145 1694 319 1761 Iliadumque
330 1695 410 1747 labor
419 1700 518 1746 vestes.
605 1752 609 1759 ,

180 1765 296 1815 Talibus
307 1764 406 1815 llionei
416 1765 496 1815 dictis
507 1764 598 1815 delixa
607 1763 726 1814 Latinus

87 1825 136 1876 250
146 1831 253 1885 Obtutu
264 1838 342 1886 tenet
352 1849 414 1896 ora,
425 1833 541 1900 soloque
552 1832 702 1882 immobilis
708 1830 818 1891 haeret,

144 1901 271 1954 Intentos
280 1901 392 1960 volvens
403 1902 507 1961 oculos.
527 1900 587 1953 Nec
596 1915 723 1967 purpura
731 1914 822 1967 regem

145 1969 224 2024 Picta
234 1973 334 2031 movet,
344 1985 395 2021 nee
404 1975 515 2036 sceptra
524 1967 782 2023 morentl'ri'ameia
789 1968 848 2018 trib

147 2037 288 2098 Quantum
299 2039 327 2088 in
338 2039 475 2089 connubio
487 2046 570 2091 natae
582 2037 762 2106 thalamoque
769 2038 848 2088 moral

145 2108 183 2156 Et
192 2106 295 2157 v'cteris
305 2107 395 2157 Fauni
406 2108 491 2158 volvit
499 2110 552 2174 sub
564 2114 678 2173 pectore
689 2113 805 2158 sortem.

88 2173 136 2223 255
145 2175 228 2224 Hunc
238 2175 317 2225 illum
329 2175 394 2225 fetis
405 2183 520 2233 externa
530 2178 564 2228 ab
575 2177 640 2228 sede
651 2177 822 2242 profectum·

146 2242 278 2295 Portendi
290 2260 436 2312 generum,
448 2247 652 2313 paribusquein
663 2239 848 2313 regna'vocari

144 2313 295 2381 Auspiciis3
310 2312 375 2365 huic
385 2318 545 2381 progeniem
555 2319 659 2368 virtute
669 2314 796 2366 futuram

144 2380 292 2451 Egregium
299 2419 307 2445 ‚
318 2388 347 2435 et
355 2387 444 2434 totum
456 2400 526 2451 quae
536 2385 640 2445 viribus
651 2389 772 2451 occupet
781 2383 847 2435 orbe

145 2451 272 2506 Tandem
281 2451 373 2504 lactus
384 2454 435 2502 ait:
449 2453 487 2504 Iri
497 2459 593 2504 nostra
603 2456 716 2520 inceptu
726 2451 848 2506 secunde

10 2568 13 2573 .
87 2515 848 2591 aboAugur'iumquesuumlDabitur‚T1·0iane‚quodeq

146 2595 268 2646 Munera
278 2608 328 2643 nec
339 2607 449 2658 sperno.
469 2592 530 2643 Non
542 2592 631 2654 robis,
641 2607 709 2657 rege
719 2594 835 2656 Latino,

111 2666 117 2673 '
147 2663 248 2715 Divitis
257 2663 326 2722 uber
335 2662 396 2731 agri
406 2662 546 2736 Troiaeve
553 2661 696 2729 opulentia
706 2662 808 2717 deerit.
