1882 3052
12 814 14 819 Ι
177 702 214 766 Ρ.
242 704 463 772 1111101111
490 707 722 776 1111101113

78 837 108 920 Α
174 839 216 922 Ε
285 840 323 925 N
391 843 430 926 E
498 844 520 928 1
584 846 627 928 l)
690 845 730 932 0
796 846 827 930 S

279 1003 427 1093 mm
452 1004 624 1059 Noa'vs.

71 1240 172 1345 leque
183 1289 221 1327 ea
232 1274 341 1327 diversa
349 1278 461 1342 penitus
471 1279 537 1330 dum
547 1286 627 1346 parte
637 1286 788 1348 geruntur:

69 1338 125 1396 lrim
137 1343 177 1397 de
189 1343 272 1396 coelo
281 1345 357 1394 misit
365 1343 500 1397 Saturnia
509 1349 579 1398 luno

10 1422 17 1433 ¹
66 1411 208 1466 iudaeam
219 1412 255 1464 ad
264 1413 399 1465 Turnum.
411 1413 490 1466 Luco
499 1420 560 1467 tum
570 1415 645 1469 sorte
655 1418 780 1483 parentis

64 1477 187 1535 Pilumni
197 1482 313 1533 Turnus
324 1487 435 1534 sacrata
445 1483 520 1536 valle
530 1485 654 1537 sedebat

60 1551 97 1605 ld
107 1565 201 1621 quem
213 1550 253 1601 sie
263 1565 344 1602 roseo
354 1548 554 1604 Thaumantias
565 1567 614 1606 ere
624 1554 720 1607 locuta
730 1560 786 1604 est:
839 1551 855 1603 5

59 1618 174 1683 Turne,
185 1618 263 1687 quod
273 1621 380 1685 optanti
391 1620 482 1671 divum
492 1623 657 1688 promittere
667 1636 749 1673 nemo

20 1696 25 1733 ἓ
57 1690 206 1751 luderet,
216 1687 352 1739 volvenda
362 1688 599 1752 dies‚en‚attulit
609 1691 698 1743 ultro!

56 1762 186 1820 deneas,
198 1757 280 1819 urbe,
290 1763 319 1807 et
328 1758 425 1818 suciis,
436 1763 466 1809 et
477 1757 565 1811 classe
576 1759 689 1822 relicta,

59 1827 184 1895 Sceptra
194 1824 316 1876 Palatini
327 1826 478 1894 sedemque
489 1831 561 1892 petit
570 1827 699 1879 Evandri.

60 1895 118 1949 Nee
129 1895 218 1947 satis:
238 1900 378 1946 extremas
390 1893 508 1962 Corythi
518 1898 676 1963 penetrarit
685 1895 720 1948 ad
730 1895 827 1958 urbes3
841 1915 870 1948 ιο

58 1964 271 2033 Lydorumque
281 1978 406 2027 manum,
417 1963 551 2016 collectus
561 1969 651 2016 armat
661 1970 793 2032 agrestes.

60 2034 139 2098 Quid
148 2029 282 2085 dubitaui
300 2048 374 2085 nune
384 2038 494 2100 tempus
505 2048 605 2101 equos,
624 2047 699 2086 nune
712 2048 827 2101 poscere

484 2117 592 2154 currus.

62 2172 175 2239 Rumpe
182 2183 280 2222 meras
291 2185 401 2234 omnes,
411 2174 440 2223 et
448 2172 564 2224 turbata
574 2174 667 2240 arripe
677 2177 777 2223 castra.

63 2239 156 2305 Dixit,
167 2245 199 2293 et
208 2241 238 2290 in
248 2240 358 2293 coelum
368 2240 481 2307 paribus
490 2256 521 2293 se
530 2241 646 2292 sustulit
654 2241 721 2303 alis3

64 2310 268 2378 lugentemque
278 2308 347 2377 lugu
356 2311 445 2363 secuit
455 2308 506 2361 sub
517 2311 636 2362 nubibus
646 2324 750 2361 arcum.
839 2316 866 2363 15

66 2379 187 2447 ignorit
196 2379 317 2441 iuvenis,
329 2379 509 2446 duplicesque
520 2379 556 2431 ad
565 2381 657 2432 sidera
667 2377 774 2446 palmus

65 2447 200 2511 Sustulit,
215 2453 244 2500 et
253 2448 305 2500 tali
315 2447 467 2516 fugientem
479 2453 523 2502 est
531 2460 600 2501 voce
610 2453 734 2500 secutus:

64 2517 214 2582 lri,decus
223 2517 308 2580 coeli,
328 2519 390 2585 quis
400 2522 428 2569 te
436 2515 505 2569 mihi
514 2516 634 2570 nubibus
643 2519 733 2565 aetam

67 2586 178 2640 Detulit
187 2588 218 2637 in
228 2585 338 2638 terrast
347 2586 422 2636 unde
432 2584 502 2635 haec
511 2590 570 2633 tam
581 2585 658 2636 clara
668 2587 782 2648 repente

67 2653 250 2724 Tempestas!
259 2655 381 2707 medium
392 2651 473 2702 video
485 2649 627 2703 discedere
637 2648 760 2705 coelum,
836 2669 867 2699 20

68 2725 255 2792 Palantesque
264 2723 331 2791 pulo
341 2720 447 2774 stellas.
460 2717 568 2786 Sequor
579 2719 672 2769 omina
683 2722 772 2777 tanta,
