1882 3052
289 70 357 143 no*
450 84 682 141 P.v1R<r1L11
704 46 880 138 mauom'r

228 195 277 253 565
286 191 345 246 Noe
355 192 405 244 tibi
415 191 479 244 diva
488 206 599 259 parens,
608 191 719 258 generis
730 187 880 243 necssarda

286 260 411 325 Perfide3
426 261 476 314 sed
486 261 563 312 duris
574 261 672 327 genuit
680 265 709 310 te
721 258 848 310 cautibus
859 255 880 306 h*

288 331 441 393 Caucasus,
452 330 656 396 Hyrcanaeque
667 328 817 379 admorunt
827 327 880 376 ubo

287 399 358 452 Nam
369 399 437 468 quid
448 395 610 450 dissimulot
626 402 674 448 aut
685 411 757 464 quae
765 411 809 502 mme
820 394 880 446 adn

704 480 799 518 servo.

214 568 224 585 ι
287 536 360 590 Num
370 534 438 588 ssetd
450 535 587 602 ingemuit
597 533 712 585 nostro?
728 533 880 584 numiumir

116 602 125 609 ’
157 676 168 683 .
228 609 279 677 570
288 604 362 659 Num
372 605 502 657 lacrimas
512 605 601 655 rietus
613 604 701 666 dedit,
712 610 761 654 aut
771 605 880 654 miserat

702 664 831 724 tem'esti

240 739 244 746 ’
287 740 880 811 Quaequibusanteferamilamiamneenir

287 812 346 866 Neo
356 810 504 864 Saturnius
515 809 584 863 haee
596 811 683 862 oeulis
694 816 774 877 pater
785 811 880 877 adspio

287 881 431 948 Nusquam
441 885 504 931 tuta
514 880 591 932 tides.
612 880 739 931 Eiectum
749 879 846 938 litore.
858 895 880 947 ep

287 951 404 1017 Excepi,
415 955 444 1002 et
453 951 532 1017 regni
543 949 656 1001 demens
667 951 696 999 in
706 953 787 1016 parte
798 949 880 1000 loeav:

227 1017 278 1089 575
287 1021 422 1072 Amissum
434 1018 563 1081 classem,
574 1020 664 1069 socios
675 1034 692 1069 a
702 1023 792 1070 morte
803 1017 880 1069 redu:

286 1089 351 1140 Heu
361 1087 442 1139 iuriis
452 1089 565 1139 incensa
574 1085 663 1139 feror!
679 1087 758 1138 Nunc
769 1101 859 1154 augur
872 1091 880 1140 c*

286 1157 368 1209 Nune
378 1157 483 1223 Lyciae
493 1162 597 1218 sortes,
606 1171 680 1208 nune
691 1162 720 1208 et
729 1157 793 1208 love
804 1157 880 1206 missi

286 1227 427 1292 interpres
437 1226 530 1277 divum
541 1225 598 1278 fert
607 1222 721 1276 horrida
731 1227 808 1276 iussa
818 1240 869 1292 per

287 1293 401 1347 Scilicet
409 1296 434 1346 is
445 1296 551 1361 superis
561 1295 640 1346 labor
651 1301 704 1364 est,
714 1311 748 1346 ea
759 1310 826 1346 cura
837 1297 880 1362 qui

227 1362 277 1417 580
287 1362 436 1417 Sollicitat.
458 1364 555 1432 Neque
566 1371 594 1416 te
606 1369 701 1425 teneo,
712 1379 802 1430 neque
814 1363 880 1415 diota

286 1433 560 1502 homooeusion
569 1434 672 1495 ventis,
682 1439 746 1500 pete
758 1448 844 1500 regua
856 1449 880 1500 ps

286 1501 374 1569 Spero
386 1503 513 1570 equidem
524 1503 741 1570 medus‚s1qu1d
752 1506 879 1568 pranumi

286 1570 430 1638 Supplicia
439 1569 593 1623 hausurum
603 1571 737 1638 scopulis,
748 1576 778 1623 et
787 1574 880 1622 nomin

286 1638 375 1707 Saepe
384 1647 556 1693 vocaturum.
574 1639 682 1709 Sequar
693 1642 762 1693 atris
772 1642 880 1708 ignibus

227 1705 277 1761 585
285 1709 333 1771 ut,
344 1725 430 1777 quum
441 1709 545 1778 frigida
556 1726 629 1761 mors
641 1711 735 1761 anima
744 1711 880 1762 seduxerit

286 1777 422 1830 omnibus
431 1780 530 1831 umbra
539 1779 609 1831 locis
620 1780 713 1833 adero.
734 1780 835 1843 Dabis,
845 1782 880 1831 im

720 1864 819 1912 oenas3

286 1913 403 1965 Audiam
414 1920 444 1967 et
453 1915 628 1968 haeeManes
637 1865 731 1969 venigt
740 1917 807 1969 mihi
818 1918 880 1970 fami

285 1982 338 2034 His
348 1983 470 2036 medium
480 1984 563 2035 dietis
574 1999 730 2039 sermonem
742 1989 880 2055 abrumpit

199 2080 205 2090 ·
285 2051 377 2119 Aegra
389 2051 474 2119 fugit,
485 2067 570 2120 seque
582 2069 616 2106 ex
625 2056 713 2108 oeulis
723 2060 826 2109 avertit
835 2065 880 2111 ets

116 2116 120 2122 ’
227 2121 277 2191 590
285 2118 427 2188 Linquens
438 2120 611 2176 multametu
621 2131 798 2178 cunctantem
808 2134 837 2179 et
847 2144 880 2180 mi

83 2638 148 2752 ἱ

700 2199 810 2248 rantem

285 2257 396 2312 Dicere.
415 2257 577 2328 Suscipiunt
587 2261 721 2328 famulae,
732 2266 880 2334 collapsam

284 2327 445 2382 Marmorea
455 2331 583 2383 referunt
592 2331 726 2398 thalamo,
734 2338 880 2404 stratisque

320 2397 355 2450 Aet
362 2400 425 2465 pius
434 2400 553 2464 Aeneas,
564 2417 730 2472 quamquam
741 2405 830 2458 lenire
841 2406 877 2457 do

285 2464 407 2521 Solando
417 2471 505 2537 eupit,
515 2477 545 2523 et
555 2471 636 2524 dictis
648 2481 772 2526 avertere
783 2490 874 2538 curas,

226 2538 275 2604 395
285 2536 375 2590 Multa
385 2553 513 2607 gemens,
524 2557 678 2612 magnoque
688 2546 807 2595 animum
819 2544 880 2599 labe

699 2628 802 2680 amore,
