1882 3052
78 168 96 274 ’,
121 207 175 260 214
203 251 207 260 ,
279 207 309 258 r.
328 180 510 258 vraerm'r
534 201 725 257 unaorus
796 170 799 175 ’

124 311 231 377 Corpus
241 311 270 360 iu
280 309 431 370 Aeacidae3
447 323 562 375 magnas
573 308 705 359 obeuntia
714 309 811 357 terras

81 370 90 403 χ·
123 380 181 430 Tot
191 381 280 430 maria
288 378 403 440 intravi,
414 377 484 428 duce
495 383 536 438 te,
547 378 711 443 penitusque
722 381 828 441 reposta

81 451 115 503 bo
123 448 279 514 Massylum
289 451 399 513 gentes,
409 451 608 512 praetentaque
619 443 750 510 Syrtibus
761 459 828 494 arva

122 521 183 571 lam
192 517 305 567 taudem
315 514 412 565 ltaliae
424 513 556 582 fugientis
586 514 728 566 rendimus
740 527 815 564 oras.

124 587 187 638 Hac
196 585 320 637 Troiana
329 589 411 634 tenus
421 582 509 634 fuerit
518 583 562 634 for
597 599 632 634 na
641 588 748 634 secuta.

124 655 184 706 Vos
193 651 485 719 quoque‘Pergameae
499 653 554 702 iam
565 652 607 704 fas
619 656 661 705 est
671 665 792 717 parcere
801 665 828 718 ge

124 723 221 790 Dique
228 721 352 788 deaeque
364 735 472 782 omnes,
483 721 583 788 quibus
594 721 703 772 obstitit
711 720 797 771 Ilium
807 727 828 772 et

426 832 428 836 ,
539 806 568 841 m
589 805 638 841 ens

84 865 116 918 65
126 860 225 912 Gloria
234 859 403 911 Dardaniae.
425 859 537 927 Tuque,
549 805 755 911 obduratissima
763 862 828 909 vate

126 929 257 980 Praescia
267 929 389 991 venturi,
401 927 449 991 da,
460 943 515 979 non
525 929 648 979 indebita
658 942 744 992 posco

126 998 223 1065 Regna
233 999 302 1048 meis
313 997 391 1059 fatis,
401 996 483 1048 Latio
495 998 638 1048 considere
649 998 787 1058 Teucros,

125 1068 316 1132 Errantesque
327 1066 395 1116 deos
406 1068 565 1133 agitataque
575 1068 690 1117 numina
700 1066 816 1117 Troiae.

126 1136 200 1186 Tum
205 1134 317 1186 Phoebo
324 1136 467 1186 etTririae
472 1135 562 1186 solido
569 1135 750 1187 demarmore
756 1140 828 1200 temp

85 1224 118 1274 7⁰
126 1205 286 1265 instituam,
298 1203 440 1271 festosque
451 1205 509 1256 dies
520 1205 554 1256 de
564 1207 674 1256 nomine
686 1202 803 1258 Phoebi.

127 1274 169 1324 Te
175 1287 285 1340 quoque
291 1278 511 1339 magnamanent
516 1276 608 1340 regnis
614 1273 776 1340 penetralia
781 1285 828 1324 nos

126 1343 183 1396 Hic
194 1357 373 1409 agonemque
384 1341 454 1392 duas
464 1347 554 1395 sortes
564 1357 722 1410 arcanaque
734 1342 805 1404 fata,

127 1411 212 1462 Dicta
222 1426 299 1462 meae
309 1412 386 1478 genti
384 1446 399 1475 2
410 1425 524 1476 ponam,
535 1412 677 1478 lectosque
689 1412 820 1472 sacrabo,

127 1480 222 1542 Alma,
232 1482 314 1531 viros.
334 1479 421 1530 Foliis
430 1485 540 1530 tantum
550 1496 585 1532 ne
595 1482 720 1531 carmina
731 1480 828 1530 manda

88 1546 121 1615 75
128 1549 170 1600 Ne
180 1550 294 1600 turbata
303 1547 398 1598 volent
408 1549 512 1611 rapidis
522 1549 645 1596 ludibria
654 1550 756 1609 ventis,

128 1618 191 1683 Ipsa
202 1629 284 1667 canas
294 1630 353 1664 oro.
374 1614 473 1664 Finem
483 1613 560 1665 dedit
570 1628 619 1664 ore
630 1613 774 1680 loquendi.

163 1689 211 1746 At,
223 1683 328 1735 Phoebi
338 1682 461 1734 nondum
471 1684 592 1749 patiens,
602 1685 733 1733 immanis
743 1686 773 1734 in
784 1695 828 1736 ant

128 1752 289 1804 Bacchatur
298 1757 388 1814 vates,
398 1766 529 1818 maguum
539 1752 563 1800 si
572 1758 684 1816 pectore
696 1756 788 1819 possit

129 1823 292 1873 Excussisse
303 1821 398 1871 deum:
412 1826 493 1871 tanto
503 1822 590 1887 magis
600 1820 649 1872 ille
661 1820 766 1888 fatigat

88 1892 121 1944 80
131 1892 169 1941 Os
181 1890 324 1951 rabidum,
334 1888 395 1941 fera
405 1890 491 1941 corda
501 1890 628 2010 domans&
639 1891 778 1959 tingitque
788 1907 828 1958 pr«

544 1975 607 2011 men
629 1974 654 2010 ο.

131 2029 211 2080 Ostia
220 2028 331 2094 iamque
341 2027 439 2078 domus
449 2031 565 2093 patuere
576 2029 701 2096 ingentia
711 2035 828 2081 centum

130 2095 237 2162 Sponte
247 2111 310 2158 sua,
319 2097 444 2164 ratisque
456 2096 551 2148 ferunt
560 2112 694 2164 responsa
702 2114 756 2164 per
765 2114 828 2151 aure

131 2166 155 2215 0
165 2165 277 2218 tandem
288 2166 397 2230 magnis
408 2165 500 2233 pelagi
512 2166 642 2218 defuncte
654 2167 783 2233 periclis!

132 2232 187 2284 Sed
196 2238 274 2283 terra
283 2235 413 2300 graviora
422 2241 544 2287 manent.
564 2237 595 2287 ln
605 2251 693 2303 regua
702 2237 808 2287 Larini

88 2301 123 2356 85
131 2302 310 2354 Dardanidae
318 2304 442 2366 venient3
454 2306 533 2356 mitte
543 2303 614 2355 hanc
622 2305 778 2370 depectere
785 2322 828 2358 cur

131 2370 188 2424 Sed
197 2387 254 2422 non
264 2376 292 2422 et
302 2374 408 2423 venisse
418 2373 522 2424 volent.
543 2374 638 2436 Bella,
648 2372 765 2425 horrida
775 2375 828 2427 bel]

131 2443 168 2493 Et
178 2440 314 2507 Thybrim
324 2440 413 2491 multo
424 2449 598 2507 spumantem
609 2439 744 2510 sanguine
756 2460 828 2496 cern

131 2511 194 2563 Non
205 2509 306 2562 Simois
315 2510 379 2572 tibi,
390 2526 442 2561 nec
452 2511 594 2575 Xanthus,
604 2528 655 2564 nec
665 2512 773 2565 Dorica
784 2530 828 2567 cas

131 2579 288 2632 Defuerint.
308 2579 386 2631 Alius
396 2579 480 2632 Latio
490 2583 544 2632 iam
556 2586 652 2647 partus
662 2580 797 2646 Achilles,

90 2667 123 2718 90
132 2649 222 2701 Natus
233 2651 329 2715 etipse
340 2649 400 2701 dea.
420 2650 478 2702 Nec
488 2651 605 2703 Teucris
617 2651 713 2701 addita
723 2653 796 2704 luno

92 2734 96 2739 ·
131 2717 256 2788 Vsquam
266 2719 369 2784 aberit3
384 2734 468 2788 quum
477 2724 509 2771 tu
519 2719 635 2786 supplex
645 2721 674 2771 in
683 2721 769 2772 rebus
776 2735 828 2789 ege
