1882 3052
215 150 269 203 400
372 145 403 202 P.
422 142 603 198 vinclum
626 133 816 195 maneriis

216 253 328 314 Obsita,
339 265 390 302 nec
401 248 498 301 faciles
507 247 584 298 Ditis
594 246 655 297 sine
664 241 757 295 iudice
765 240 855 304 sedes,

158 319 208 384 ²75
216 322 324 382 Iudice,
335 321 382 387 qui
391 321 464 370 vitae
474 320 667 384 postmortem
675 312 800 364 vindicat
808 315 877 363 ncta

217 389 272 442 Sed
283 389 397 441 fortuna
406 388 502 439 valens
511 384 647 437 audacem
656 380 765 433 iecerat
774 379 889 447 Orphea.

215 459 276 514 lam
286 457 376 524 rapidi
384 460 523 509 steterant
532 468 640 515 amnes,
650 456 680 503 et
688 449 775 502 turbe
783 448 903 501 ferarum
920 514 927 528 ·

216 527 545 592 Biandavoeesequnxr
581 524 673 574 'onem
682 514 939 584 insederatorphnc

217 597 332 662 lamque
342 596 426 646 imam
436 593 518 646 viridi
528 538 651 645 rgffioem
660 594 790 641 moverat
798 587 855 639 alte

159 668 209 717 280
219 666 344 726 Quercus
353 656 437 715 humo
442 667 653 728 ‚steteruntque
662 656 917 724 amnes‚silvueque

541 768 544 773 .
631 740 754 781 sonorae

217 794 323 864 Sponte
332 812 385 848 sua
394 804 493 850 centus
503 800 649 866 rapiebant
657 797 764 849 cortice
774 807 876 849 amara

217 867 357 918 Labentes
367 866 476 934 biiuges
486 870 570 921 etiam
580 883 630 934 per
640 865 827 923 nidersLunn

217 934 324 987 Pressit
333 941 479 1003 equos;.et
488 941 520 987 tu
529 939 686 998 currentes,
696 940 843 986 menstrua
852 933 928 998 virgo,

217 1004 355 1055 Auditum
365 1005 456 1070 lyram
468 1006 582 1055 tenuisti
594 1010 677 1057 noete
686 1002 795 1057 relicta.

159 1069 404 1124 admonendam
415 1075 507 1138 potnit
518 1072 593 1123 Ditis
603 1078 632 1125 te
640 1075 754 1125 vincere
762 1072 890 1132 coniunx,

218 1141 432 1209 Eurydicenque
443 1140 518 1192 ultro
530 1141 684 1194 ducendam
694 1140 824 1193 reddere.
842 1139 901 1193 Non
910 1134 939 1187 f*

219 1210 279 1262 Non
291 1212 391 1261 eratin
401 1211 487 1260 vitam
494 1209 586 1265 Divae
596 1209 740 1263 exorabile
750 1224 862 1263 numen.

219 1279 274 1330 lila
283 1278 408 1346 quidem,
417 1281 534 1331 nimium
544 1279 644 1331 Manes
653 1285 771 1345 experta
780 1291 899 1338 savem

220 1348 402 1415 Praeceptum
411 1348 540 1415 signabat
548 1349 617 1411 iter3
633 1362 684 1401 uec
692 1348 793 1399 retulit
801 1349 877 1399 intua

159 1431 212 1484 ³9⁰
220 1418 352 1479 Lumina,
362 1433 414 1468 nec
424 1417 512 1469 Divae
524 1419 649 1483 eorrupit
657 1431 776 1469 munera
783 1415 888 1484 lingua

220 1485 276 1537 Sed
287 1490 318 1535 tu
327 1486 462 1547 crudelis,
473 1486 595 1538 crudelis
605 1492 637 1536 tu
646 1487 751 1552 magis,
760 1483 885 1552 Orpheo,

220 1554 323 1605 Oscula
333 1569 398 1606 cara
407 1560 504 1620 petens
513 1556 614 1621 rupisti
622 1554 700 1605 iussa
707 1553 846 1607 Deorum.

220 1623 329 1690 Dignus
340 1626 521 1686 amorreum,
532 1639 648 1689 parvum
657 1624 683 1673 si
692 1623 819 1675 Tartara
827 1624 935 1675 nossent

221 1692 370 1744 Peccatum
380 1694 527 1760 ignovisse.
547 1690 603 1744 Sed
614 1696 643 1744 et
650 1706 700 1743 vos
709 1691 778 1743 aede
788 1695 906 1759 piorum,

159 1757 210 1824 295
220 1760 277 1812 Vos
288 1767 381 1813 manet
390 1763 519 1813 ileroum
527 1766 628 1813 contra
636 1775 744 1811 munus.
758 1760 817 1813 llic
828 1768 857 1814 et
865 1768 938 1825 uterq

219 1830 367 1882 Aeacides:
383 1831 484 1883 Peleus
494 1845 624 1896 namque,
635 1836 665 1883 et
674 1829 934 1883 Telamonievirtus

220 1898 274 1949 Per
285 1915 384 1951 secura
394 1903 482 1966 patris
493 1899 633 1951 laetantur
643 1900 772 1961 numina,
783 1914 903 1968 quornm

220 1967 361 2019 Connubis
370 1968 465 2020 Venus
475 1974 504 2020 et
513 1967 610 2021 Virtus
619 1969 740 2019 iniunxit
749 1968 896 2023 honorem.

219 2035 301 2084 Hunc
311 2039 405 2101 rapuit
415 2053 507 2089 serva:
524 2044 568 2088 ast
577 2036 655 2088 illum
666 2037 766 2089 Nereis
777 2041 889 2091 amavit.

160 2099 210 2148 500
219 2103 330 2154 desidet
341 2103 392 2155 hae
402 2107 524 2168 iuvenis,
535 2108 624 2158 sociat
633 2121 716 2173 quem
726 2106 836 2174 gloria,
846 2106 929 2166 fortis

219 2172 303 2234 Acer,
313 2173 491 2236 inexcussus,
503 2174 630 2227 referens
640 2190 657 2227 a
668 2178 787 2228 navibus
798 2179 877 2244 ignes

219 2240 357 2307 Argolicis
369 2239 507 2309 Phrygios
517 2249 598 2295 torva
608 2248 728 2297 veritate
738 2245 877 2311 repulsos»

218 2310 243 2360 0
255 2312 315 2376 quis
327 2325 380 2360 non
390 2310 497 2362 referat
505 2313 571 2363 talis
583 2315 704 2366 divortia
713 2314 794 2378 belli,

218 2379 297 2441 Quae
308 2381 412 2432 Troiae
422 2380 517 2433 videre
526 2384 592 2445 viri,
603 2384 753 2452 videreque
764 2383 858 2436 Graii!

161 2442 209 2495 505
218 2450 341 2501 Teucria
350 2465 412 2501 cum
422 2465 523 2518 magno
534 2458 662 2509 manaret
671 2455 812 2522 sanguiue
822 2451 910 2512 tellus,

218 2519 256 2570 Et
265 2517 379 2581 Simois,
389 2519 548 2589 Xanthique
559 2522 664 2589 liquor3
680 2521 820 2592 Sigeaque
830 2526 926 2591 praeter

218 2587 317 2638 Litora
327 2604 390 2640 cum
400 2591 590 2654 'l‘roas‚saevi
600 2593 677 2644 drocis
686 2594 824 2645 Hectoris
833 2596 882 2655 itu,

219 2656 320 2713 Videre
330 2659 360 2712 in
371 2658 473 2716 classes
483 2662 597 2715 inimica
605 2668 700 2716 mente
709 2663 845 2735 l‘elaegas
