1882 3052
154 210 188 263 53
216 184 221 193 “
311 211 342 263 v.
361 208 542 264 vincum
564 205 752 259 unacum

58 359 67 385 ,
95 316 304 370 ioerternum
315 313 469 379 frangenda
478 311 651 374 bidentibus3
671 325 752 362 omne
762 309 910 361 levandum

152 381 264 436 Fronde
270 398 375 435 nemus.
381 380 683 448 Reditagricolislabor
689 381 802 431 actusin
808 379 912 442 orbem,

152 453 241 520 Atque
251 453 279 502 in
289 467 319 504 se
330 466 381 503 sua
391 465 442 517 per
451 452 568 517 vestigia
577 450 697 500 volvitur
707 464 805 500 annus.

151 523 189 572 Ac
198 517 254 573 iam
265 521 344 582 edm,
354 534 431 573 seras
441 521 534 586 posuit
544 534 627 586 quum
637 519 719 569 vinea
729 517 853 580 frondes,

150 589 280 658 Frigidus
290 595 319 642 et
327 589 403 640 silvis
413 589 513 657 Aquilo
524 589 646 639 decussit
656 586 803 650 bonorem3

92 658 143 710 405
150 660 208 710 lam
219 665 278 709 tum
289 673 354 710 acer
364 674 445 710 curas
455 660 610 710 venientem
622 657 747 708 extendit
756 658 786 706 in
797 670 900 707 annum

150 727 295 789 Rusticus,
306 733 335 779 ct
345 743 429 781 curvo
440 726 554 778 Saturni
564 727 648 778 dente
658 725 785 776 relictam

150 795 331 862 Persequitur
340 799 424 849 vitem
437 796 597 858 attondens,
609 796 742 862 tingitque
753 793 887 860 putando.

149 863 260 918 Primus
270 864 384 916 humum
395 865 497 928 fodito,
508 867 613 932 primus
625 863 739 914 devecta
750 867 874 913 cremato

150 928 311 997 Sarmenta,
321 941 350 986 et
359 935 448 989 vallos
457 938 564 1002 primus
574 935 625 982 sub
636 936 712 982 tecta
721 930 845 993 refert03

90 996 141 1046 410
150 1000 311 1053 Postremus
322 1007 433 1058 metito:
445 1005 490 1053 bie
500 1001 602 1052 vitibus
612 1002 719 1066 ingruit
726 1001 841 1062 umbra3
868 1026 870 1031 >

148 1070 198 1120 Bis
209 1076 332 1137 segetem
344 1074 436 1123 densis
447 1071 589 1123 obducunt
599 1071 723 1120 sentibus
732 1067 846 1121 herbae.

148 1137 244 1190 Durus
255 1143 372 1206 uterque
382 1140 471 1191 labor.
491 1138 621 1190 Laudato
631 1139 756 1205 ingentia
766 1152 844 1200 rura,

147 1207 286 1273 Exiguum
294 1209 391 1260 colito.
411 1208 534 1260 Necnon
545 1209 629 1260 etiam
640 1221 740 1273 aspera
748 1208 825 1258 rusci

147 1275 257 1357 Viqrina
268 1291 317 1342 per·
328 1278 439 1341 silvam,
450 1282 479 1329 et
488 1278 556 1343 ripis
567 1275 687 1327 fluvialis
698 1276 806 1327 arundo

87 1344 138 1396 415
148 1344 294 1407 Caeditur,
304 1345 458 1413 incultique
468 1351 581 1398 exercet
592 1360 660 1396 cura
670 1345 771 1395 salicti.

145 1412 205 1464 Iam
214 1415 324 1465 vinctae
334 1417 418 1477 vites;
426 1417 489 1463 ¹iam
500 1414 602 1463 falcem
613 1414 728 1463 arbusta
737 1421 889 1479 reponunt;

145 1482 205 1532 lam
215 1485 291 1534 canit
300 1488 441 1534 extremos
452 1479 552 1533 effetus
561 1481 665 1531 vinitor
675 1488 766 1533 antes:

146 1548 330 1603 Sollicitanda
338 1556 434 1603 tamen
444 1549 543 1612 tellus,
553 1549 698 1616 pulvisque
710 1552 871 1604 movendus.

145 1618 182 1668 Et
191 1622 247 1670 iam
258 1623 376 1671 maturis
386 1618 551 1672 metuendus
562 1619 669 1685 Iupiter
679 1622 747 1671 uvis.

87 1687 137 1738 4²0
182 1689 285 1739 Contra
295 1705 351 1741 non
361 1689 421 1739 ulla
431 1693 475 1740 est
485 1688 555 1740 oleis
566 1689 690 1751 cultura3
706 1705 797 1756 neque
807 1691 874 1743 illae

145 1756 314 1808 Procurvam
326 1762 489 1824 exspectant
500 1756 601 1808 falcem
611 1764 773 1826 rastrosque
783 1766 904 1817 tenaces.

145 1827 236 1886 Quum
247 1827 333 1878 semel
345 1825 497 1878 haeserunt
507 1827 579 1875 arvis
590 1841 728 1894 aurasque
739 1829 878 1880 tulerunt:

143 1895 207 1960 Ipsa
216 1896 285 1944 satis
296 1894 395 1956 tellus,
406 1910 489 1960 quum
501 1895 584 1946 dente
595 1897 751 1947 recluditur
762 1914 843 1962 unco,

144 1961 254 2014 Sufficit
263 1962 420 2026 humorem,
430 1969 459 2015 et
469 1964 613 2084 gravidfas,
624 1982 708 2033 quum
718 1981 840 2031 vomere,

570 2050 603 2085 ru
624 2052 662 2086 es.

84 2096 135 2150 425
144 2100 206 2151 Hoc
216 2102 347 2167 pinguem
358 2104 387 2152 ct
397 2100 528 2166 placitam
538 2051 738 2157 Pacignutritor
748 2107 859 2158 olivam.

178 2168 265 2221 Poma
275 2183 396 2237 quoque,
407 2175 439 2220 ut
448 2173 567 2238 primum
577 2178 693 2226 truncos
703 2190 818 2229 sensere
827 2191 874 2227 va·

556 2242 648 2295 lentes

142 2306 180 2356 Et
188 2307 261 2357 vires
270 2304 393 2360 habuere
404 2324 482 2373 suas,
493 2310 529 2362 ad
539 2312 632 2363 sidera
642 2281 745 2379 r⁷aptim

142 2374 175 2424 Vi
185 2378 298 2443 propria
309 2379 447 2442 nituntur,
462 2381 577 2448 opisque
588 2380 663 2432 baud
673 2384 769 2448 indiga
780 2386 904 2433 nostrae.

142 2442 200 2495 Nec
211 2446 421 2507 minustinterea
431 2449 491 2497 fetu
502 2464 598 2498 nemus
609 2464 691 2500 omne
701 2453 849 2517 gravescit,

84 2505 133 2555 430
143 2510 361 2581 sanguineisque
373 2515 479 2566 inculta
489 2517 591 2567 rubent
601 2520 705 2568 aviaria
714 2520 816 2571 baccis.

136 2582 307 2634 'londentur
317 2585 416 2652 cytisi,
427 2584 528 2637 taedas
538 2586 611 2638 silva
619 2588 680 2637 alta
687 2590 843 2648 ministrat,

45 2714 50 2727 f
118 2647 447 2726 Pascunturqueignes
460 2657 598 2709 nocturni
607 2654 900 2707 etluniinaiunbum.

49 2770 55 2779 .
108 2715 863 2825 Etdubitantbominesserereatque'qmpendeue

587 2807 693 2850 euram
705 2829 712 2841 .
