1882 3052
141 127 191 182 124
293 127 323 181 P.
342 125 529 182 VlRGlLll
552 119 746 177 MARONIS

83 239 130 292 ido
139 233 183 285 Tu
194 230 277 283 modo
288 231 431 300 promissis
441 239 568 292 maneas,
579 232 744 294 servataque
754 239 844 276 serves

139 302 334 364 Troiaiidem,
345 303 368 351 si
379 314 445 351 vera
455 298 558 360 seram,
569 299 592 347 si
602 310 703 364 magna
712 295 844 362 rependas

175 372 271 424 Omnis
280 385 345 436 spes
356 368 484 419 Danaum
495 373 525 420 et
535 368 627 435 coepti
636 365 738 419 fiducia
748 363 819 416 belli

138 439 261 492 Palladis
272 438 385 490 auxiliis
396 453 506 504 semper
514 439 602 489 stetit.
614 437 717 502 Impius
729 448 765 487 ex
776 447 832 502 quo

138 497 262 576 Tydides
273 507 322 558 sed
333 508 406 558 enim
417 507 609 574 scelerumque
619 507 750 558 inventor
759 503 844 556 Vlixe

82 579 129 633 165
138 576 238 628 Fatale
248 577 372 643 aggressi
383 580 493 626 sacruto
505 576 627 638 avellere
637 574 743 642 templo

138 645 308 707 Palladium,
320 646 408 696 caesis
419 659 544 696 summae
555 645 716 696 custodibus
727 643 810 705 arcis,

140 715 306 780 Corripuere
317 728 425 765 sacram
437 713 568 781 effigiem,
584 714 768 781 manibusque
779 724 844 764 crue

138 783 287 850 virgineas
298 784 358 833 cusi
369 784 449 835 divae
461 785 622 850 contingere
633 784 731 844 vittas3

138 852 183 904 Ex
192 852 243 903 illo
253 850 341 904 liuere
351 867 384 903 ac
395 859 472 904 retro
484 852 617 919 sublapsa
625 850 727 903 reterri

82 943 131 994 ¹·70
140 919 209 988 Spes
219 921 362 984 Danaum,
372 921 478 973 fractae
487 922 574 985 sires,
583 935 682 972 aversa
691 920 760 971 deae
770 933 844 970 mens

139 989 199 1042 Nec
209 990 300 1041 dubiis
311 1004 345 1040 ea
355 991 434 1056 signa
444 991 522 1040 dedit
531 990 660 1041 Tritonia
668 988 811 1040 monstris.

120 1105 126 1117 Χ
138 1059 195 1112 Vix
205 1061 326 1125 positum
338 1059 437 1109 castris
447 1058 640 1121 simulacrum3
658 1072 753 1109 arsere
769 1070 844 1107 coru

137 1126 303 1193 Luminibus
314 1124 442 1178 flammae
453 1127 584 1188 arrectis,
595 1127 740 1194 salsusque
752 1140 844 1190 perer

140 1194 232 1246 Sudor
242 1196 286 1258 iit,
297 1200 397 1261 terque
407 1196 468 1261 ipsa
478 1196 539 1245 solo
550 1194 688 1257 (mirabile
699 1195 790 1256 dictu)

82 1261 844 1332 175Emicuit,parmamqueierenshastamquetrement

139 1333 287 1400 Extemplo
299 1334 432 1384 tentanda
443 1331 510 1399 suga
521 1333 596 1383 canit
606 1346 730 1399 aequora
741 1331 844 1384 Calcha

140 1402 199 1455 Nec
209 1417 291 1469 posse
302 1403 439 1470 Argolicis
450 1402 572 1453 exscindi
582 1399 719 1469 Pergama
729 1401 806 1466 telis,

141 1472 242 1523 Omina
251 1473 281 1521 ni
292 1477 421 1538 repetant
430 1473 524 1538 Argis,
535 1484 691 1538 numenque
701 1471 844 1534 reducant,

142 1541 223 1602 Quod
234 1541 334 1608 pelago
346 1547 375 1592 et
385 1542 476 1592 curvis
487 1555 580 1591 secum
591 1553 710 1590 avexere
721 1541 833 1590 carinis.

84 1614 131 1669 180
140 1607 178 1660 Et
185 1624 273 1672 nunc,
285 1610 359 1677 quod
370 1611 475 1675 patrias
485 1616 568 1660 vento
578 1610 686 1675 petiere
697 1609 844 1674 Mycenas,

139 1679 224 1728 Arma
234 1678 356 1744 deosque
367 1684 467 1743 parant
477 1680 600 1740 comites,
611 1677 844 1745 pelagoqueremt

139 1747 286 1811 improvisi
297 1746 424 1797 aderunt.
444 1749 488 1798 lta
498 1748 600 1826 digerit
610 1748 703 1796 omina
715 1746 841 1798 Calchas.

139 1813 221 1865 Hanc
231 1829 282 1881 pro
293 1814 433 1874 Palladia,
443 1814 555 1875 moniti,
567 1817 734 1880 pronomine
745 1816 833 1878 laeso,

140 1881 269 1948 Effigiem
280 1887 417 1944 statuere,
428 1880 507 1931 nefas
519 1897 590 1949 quae
600 1884 681 1933 triste
692 1885 794 1948 piaret.

85 1958 133 2012 185
141 1951 223 2002 Hanc
233 1955 326 2001 tamen
337 1951 497 2000 immensam
510 1950 625 2001 Calchas
636 1952 768 2003 attollere
779 1953 844 2004 mol«

142 2018 299 2070 Roboribus
310 2019 407 2080 textis,
419 2017 553 2085 coeloque
565 2020 683 2072 educere
691 2021 786 2085 iussit,

142 2086 185 2139 Ne
195 2088 282 2152 recipi
293 2089 395 2154 portis,
407 2092 457 2137 aut
466 2088 530 2137 duci
541 2089 569 2137 in
580 2091 690 2141 moenia
700 2093 806 2157 possit3

142 2154 205 2210 Neu
215 2155 349 2223 populum
360 2157 474 2223 antiqua
484 2156 535 2207 sub
546 2157 681 2224 religione
691 2161 774 2211 tueri.

142 2223 227 2287 Nam,
238 2227 262 2274 si
273 2230 367 2277 vestra
377 2239 474 2275 manus
485 2224 619 2278 violasset
629 2227 703 2280 dona
713 2230 844 2282 Minerva

22 2302 28 2310 ’
84 2313 132 2368 ¹9⁰
143 2295 215 2346 Tum
226 2309 356 2360 magnum
362 2296 477 2346 exitium
483 2293 568 2362 (quod
573 2295 602 2346 di
608 2297 685 2362 prius
691 2292 773 2351 omen
779 2301 808 2349 in
813 2300 842 2418 ip

143 2362 340 2426 convertenti)
355 2363 458 2416 Priami
467 2365 584 2432 imperio
596 2363 810 2438 Phrygibusque
834 2384 844 2420 r

142 2500 192 2554 Sin
202 2501 329 2554 manibus
334 2503 434 2554 restris
439 2438 757 2560 resnemtfflndissee
762 2507 791 2560 in
798 2507 844 2560 uri

141 2572 225 2625 Vltro
236 2572 328 2624 Asiam
338 2586 439 2641 magno
450 2572 571 2642 Pelopea
581 2573 616 2626 ad
626 2579 738 2630 moenia
748 2578 825 2630 bello

142 2640 296 2696 Venturam
302 2678 311 2709 ,
322 2647 351 2698 et
360 2648 473 2698 nostros
484 2659 518 2699 ea
528 2643 587 2700 fata
597 2659 711 2702 manere
721 2653 844 2717 nepotes.
