1882 3052
122 137 191 190 1290
212 121 215 124 ’
282 137 318 191 r.
342 135 528 190 vlnerum
552 135 744 188 maeonis

138 243 319 302 Discurrunt,
333 243 498 306 variantque
508 242 595 302 tices,
606 239 716 309 fusique
726 255 777 306 per
787 237 828 291 lm

21 363 23 367 ,
82 312 129 366 ιϋὸ
139 311 288 378 Indulgent
298 312 375 372 vino,
386 316 414 361 et
425 315 537 360 vertunt
548 314 673 360 crateras
684 313 778 360 ainos.

139 381 286 433 collucent
296 382 389 446 ignes:
397 384 508 430 noctem
520 378 648 430 custodia
658 378 736 430 ducit
814 436 820 445 ,

130 451 293 517 νΙιιωοιῐιιιειι]
304 449 380 500 ludo.

140 521 216 570 llaec
226 534 310 585 super
321 534 336 569 e
346 516 420 568 valle
431 522 611 584 prospectant
620 519 725 579 Troes,
736 522 765 568 et
774 530 827 566 arm

139 588 204 639 Alta
213 593 323 651 teuent3
343 603 394 638 nee
405 600 460 636 uon
471 587 573 653 trepidi
584 585 735 637 formidine
746 590 828 652 perier

84 676 130 725 ipo
139 657 308 722 Exploraut,
319 661 474 722 pontesque
483 661 512 705 et
521 655 736 722 propugnacula
744 656 824 720 iungu

140 727 212 776 'l'ela
220 731 329 792 gerunt.
341 725 450 776 instent
455 721 618 775 Mnestheus
628 739 751 791 acerque
762 723 828 774 Sere

140 796 216 856 Quos
227 799 308 860 pater
317 795 437 854 Aeneas,
448 794 472 843 si
483 791 593 860 quando
604 793 723 844 adversa
733 806 826 844 vocare

139 863 273 915 Rectores
283 862 412 921 iuvenum
422 867 450 912 et
459 876 554 912 rerum
564 861 643 912 dedit
653 877 716 913 esse
726 863 828 928 relegisti

141 933 238 984 Omnis
250 946 299 997 per
310 946 405 982 muros
416 931 501 997 legio,
512 932 613 980 sortita
623 931 774 996 periclum,

85 1004 132 1073 ¹²75
140 1003 276 1064 Excubat,
281 1007 450 1066 exercetque
456 1001 536 1062 vices,
543 999 726 1120 qqulqdcuique
732 1005 808 1052 tuen·

596 1075 686 1120 mest.
815 1114 824 1131 ,

176 1139 260 1191 Nisus
271 1143 333 1189 erat
343 1143 440 1203 portae
452 1143 558 1201 custos,
571 1140 727 1190 acerrimus
739 1141 826 1199 armis,

140 1207 324 1275 Hyrtacides3
343 1208 473 1258 comitem
484 1208 594 1259 Aeneae
605 1223 689 1275 quern
702 1207 828 1259 miseratl

90 1296 93 1300 ·
141 1277 288 1337 venatrix,
298 1276 391 1328 iaculo
402 1276 522 1328 celerem
534 1276 640 1327 levibus
661 1293 698 1328 ue
709 1279 821 1345 sagittis:

142 1347 178 1397 Et
187 1348 265 1397 iuxta
275 1360 366 1397 coruus
375 1345 531 1413 Euryalus,
542 1360 597 1413 quo
608 1293 757 1412 pulchrior
764 1346 828 1408 alter

85 1423 133 1473 180
142 1416 203 1467 Non
215 1415 270 1467 fuit
278 1415 437 1468 Aeneadum
442 1415 586 1477 ,Troiana
594 1430 689 1483 neque
700 1417 827 1467 induitur

142 1487 199 1536 Ora
210 1501 280 1552 puer
290 1486 381 1551 prima
389 1486 501 1551 signans
511 1486 623 1535 intonsa
632 1487 758 1537 iuventa.

142 1556 194 1606 His
205 1570 283 1606 amer
295 1569 365 1604 unus
375 1559 447 1617 erat,
459 1555 619 1620 pariterque
629 1555 662 1605 in
669 1555 749 1606 bella
759 1553 828 1605 ruebt

143 1627 215 1676 'lum
227 1639 336 1692 quoque
349 1623 487 1673 cummuni
498 1627 608 1688 portam
619 1625 752 1676 statione
765 1623 828 1675 tene*

141 1694 225 1744 Nisus
235 1696 287 1754 ait,
299 1694 363 1744 dine
369 1690 447 1742 herne
456 1692 585 1743 ardorem
596 1695 741 1746 mentibus
753 1693 828 1745 addm

87 1762 133 1814 185
142 1762 283 1830 Euryale?
298 1778 333 1812 an
344 1777 395 1811 sua
405 1763 503 1828 cuique
515 1761 583 1811 deus
592 1762 625 1812 fit
636 1762 701 1813 dira
712 1759 826 1829 cupido!

141 1833 197 1882 Aut
207 1844 337 1898 pugnam,
349 1835 398 1881 aut
409 1829 514 1897 ahquid
524 1831 581 1880 iam
592 1831 700 1883 dudum
712 1833 828 1884 invades

555 1915 640 1966 gnum

142 1969 223 2020 Mens
233 1971 323 2034 agitat
332 1967 412 2030 mihi3
424 1984 475 2020 nec
484 1966 740 2034 placida'contenta
751 1973 828 2039 quiet<

142 2038 249 2098 Cernis,
262 2053 331 2103 quae
342 2038 460 2088 Rutulos
471 2037 572 2088 haheat
581 2038 684 2090 fiducia
695 2055 800 2091 rerum.

141 2106 260 2157 Lumina
271 2121 336 2155 rara
346 2108 462 2168 micant3
477 2122 575 2157 sonmo
586 2109 708 2174 vinoque
719 2110 821 2176 sepulti

86 2200 131 2248 ¹19⁰
142 2175 334 2235 Procubuere3
345 2175 429 2225 silent
439 2174 577 2227 lateluce.
613 2176 733 2244 Percipe
745 2193 826 2245 porro

141 2245 214 2306 Quid
221 2244 352 2304 dubitem,
363 2247 828 2309 etquaenuncanimusententiasu

140 2313 347 2366 Aeneanaceiri
360 2327 467 2375 omnes,
479 2315 653 2382 populusque
665 2324 826 2384 patresque,

140 2387 316 2450 Exposcunt,
325 2383 455 2448 mittique
466 2385 552 2446 viros,
563 2386 610 2451 qui
622 2392 701 2437 certa
712 2392 828 2453 reportet

142 2454 172 2507 Si
182 2454 246 2515 tibi,
258 2466 328 2519 quae
340 2465 436 2517 posco,
447 2455 627 2516 promittunt:
642 2470 708 2506 nam
720 2454 788 2506 mihi
799 2455 828 2506 fer

88 2527 132 2597 195
142 2525 229 2576 Fama
238 2528 282 2574 sat
292 2512 335 2572 est
348 2538 355 2583 3
371 2522 480 2572 tumulo
490 2521 587 2574 videor
596 2527 724 2588 reperire
735 2526 787 2577 sub
798 2524 828 2575 ill

142 2593 228 2645 l’osee
238 2592 312 2642 viam
321 2592 356 2642 ad
368 2606 461 2642 muros
473 2596 500 2642 et
510 2593 619 2643 moenia
628 2592 786 2647 Pallantea

145 2663 295 2728 Obstupuit
304 2676 405 2729 magno
417 2660 530 2729 laudum
541 2676 692 2728 percussus
703 2679 800 2716 amore
