1882 3052
39 2756 60 2789 Ι

39 2820 48 2871 1

174 104 228 209 lot
334 151 364 204 P.
385 146 562 203 VlRGlLll
585 145 773 203 rus-Ronus

174 257 253 308 Arois
263 253 471 306 Erichthoniee:
487 268 578 304 comes
588 248 802 304 humerotenus
812 245 922 300 secunde

176 326 230 377 Per
240 324 379 390 placidum
390 338 473 374 cursu
481 322 611 389 pelagum
624 321 722 374 Nereis
733 319 770 371 ad
778 318 875 369 undas⁴

117 389 167 446 545
177 392 368 461 Signa-dabat,
379 407 443 458 pars
453 391 563 442 inflexis
573 404 657 456 super
667 395 730 442 acta
740 389 854 450 carinis3
869 420 874 427 ·

178 465 261 524 Cum,
271 477 321 512 seu
331 461 446 512 coelesti
457 461 530 522 fato,
539 474 589 511 seu
598 460 700 512 sideris
711 465 786 520 ortu,
821 486 830 501 ι

176 531 305 598 Vndique
315 535 442 580 mutetur
452 529 522 581 coeli
533 530 623 591 nitor3
638 529 731 578 omnia
739 528 838 590 ventis,

177 601 277 650 Omnia
286 600 444 650 turbinibus
454 603 521 648 sunt
528 598 621 648 unxia.
640 597 700 649 Iam
710 599 799 648 maris
807 595 888 646 unde·

177 669 321 720 Sideribus
331 674 422 718 certat
432 681 612 734 consurgere3
626 668 738 733 iamque
749 679 867 731 superne

119 738 169 788 550
178 739 316 791 Corruere
326 740 355 786 et
364 735 413 787 Sol
423 738 471 799 iis,
483 741 513 787 et
522 737 617 788 sidera
625 741 738 796 cuneta,
750 737 895 785 minantur.

176 807 215 858 Ac
224 806 338 856 venitin
349 812 440 856 terras
452 807 522 857 ooeli
534 805 637 872 fragor.
656 806 720 857 lloo
729 804 813 855 modo
823 801 894 854 laeto

178 876 264 940 Copia
273 889 348 925 nuno
356 876 467 926 miseris
478 875 666 926 circumdatur
675 875 760 924 anxia
769 871 846 934 fatis,
935 879 938 882 ’

177 943 394 1011 lmmoriturque
404 958 488 1010 super
498 943 611 1006 fluctus,
623 948 651 995 et
660 957 728 994 saxa
739 939 884 1008 Capherei,

178 1013 316 1064 Euboicas
327 1018 357 1064 et
364 1028 414 1078 per
424 1021 518 1065 cautes
529 1013 694 1080 Heraeaque
704 1013 762 1063 late

119 1082 169 1134 555
179 1080 496 1148 Litorazcumery-glse
502 1084 606 1148 passim
611 1076 681 1149 vage
686 1080 792 1147 praeda
797 1083 931 1146 peremtas

178 1151 312 1203 Fluctuat
321 1151 410 1200 omnis
421 1152 601 1217 iri-aequoreo
611 1152 666 1201 iem
675 1149 815 1218 naufraga
824 1153 929 1201 tractus

178 1221 234 1272 llio
243 1218 292 1269 alii
302 1218 398 1270 sidunt
407 1218 511 1285 pariles
521 1221 635 1270 virtutis
643 1219 750 1270 honore

179 1290 301 1349 Herode,
310 1288 465 1355 mediisque
475 1289 522 1338 siti
533 1295 599 1339 sunt
608 1289 720 1340 sedibus
731 1303 843 1339 omnes:

181 1359 278 1408 Omnis
287 1357 375 1408 Roma
384 1357 467 1409 decus
478 1359 570 1424 magni
581 1371 650 1423 quos
660 1359 779 1423 suspicit
789 1358 873 1409 orbis.

121 1426 171 1481 eoo
180 1428 235 1479 llio
244 1427 335 1488 Fabii,
345 1425 493 1493 Deciique;
509 1425 554 1477 bic
564 1426 777 1478 est-et·lloratia
786 1428 890 1488 trintum

180 1497 236 1548 Hic
246 1501 275 1548 et
284 1495 359 1546 sama
368 1501 448 1546 uetus
458 1509 598 1561 nunquam
609 1497 746 1548 moritura
757 1495 883 1557 Camllli3

181 1567 294 1615 Curtius
305 1570 346 1626 et,
355 1564 453 1616 mediis
464 1579 544 1632 quem
556 1565 693 1631 quondam
703 1565 820 1616 sedibus
829 1565 904 1616 urbis

179 1633 319 1685 Devotum
330 1633 412 1684 bellis
423 1635 576 1684 consumsit
585 1635 704 1701 gurgitis
715 1632 848 1697 haustus3

180 1704 290 1754 Mucius
301 1708 330 1754 et
340 1704 461 1768 prudens
472 1704 601 1754 ardorem
612 1716 730 1768 corpore
742 1718 849 1770 passus,

121 1771 171 1823 565
180 1772 319 1840 Legitime
330 1775 412 1823 cessit
422 1775 464 1823 oui
476 1772 566 1823 fracta
576 1775 701 1838 potentia
709 1774 804 1839 Regis.

179 1843 235 1894 Hic
247 1842 345 1891 Curius
357 1842 448 1893 clarae
458 1844 549 1893 socius
559 1843 683 1903 virtutis,
693 1847 723 1892 et
732 1841 783 1892 ille

181 1910 349 1971 Flaminius,
361 1911 461 1962 devota
471 1912 549 1962 dedit
560 1913 606 1978 qui
618 1925 737 1976 corpora
746 1909 885 1961 flammae

180 1981 244 2030 lure
256 1979 343 2043 igitur
352 1978 424 2031 tales
435 1981 513 2031 sedes
524 1982 635 2046 pietatis
645 1978 774 2030 honorat.

180 2047 243 2098 lllic
253 2044 453 2114 Scipiadaeque
464 2049 559 2100 duces:
575 2048 675 2100 devota
684 2047 837 2114 triumphis

120 2123 172 2184 570
181 2117 294 2168 Moenia
305 2129 373 2181 quos
383 2117 494 2180 rapidos
500 2118 623 2183 Libycae
629 2115 808 2185 Carthaginis
819 2117 934 2169 horrent

180 2186 227 2237 llli
237 2183 318 2235 leude
329 2198 380 2233 sun
390 2186 513 2250 vigeant:
531 2202 582 2252 ego
594 2187 668 2238 Ditis
679 2201 784 2251 opacos

181 2258 273 2321 cogor
283 2252 361 2304 adire
371 2252 460 2315 lacus,
471 2255 568 2305 viduos
579 2255 710 2305 alumine
721 2254 838 2319 Phoebi,

179 2326 216 2378 Et
226 2329 333 2389 vastum
345 2319 549 2387 Phlegethonta
560 2327 631 2389 pati:
648 2338 702 2391 quo
713 2326 839 2378 ulamma
849 2324 935 2376 Minos

182 2393 376 2446 Consoelerata
386 2393 432 2455 pia
442 2391 575 2442 discernit
582 2393 691 2444 vincula
700 2393 776 2444 sede.

122 2464 172 2530 375
181 2465 257 2531 Ergo
267 2463 321 2512 iam
334 2475 457 2511 caussam
468 2463 566 2512 mortis
575 2478 619 2513 me
629 2462 722 2512 dicere
732 2465 845 2514 vinctae

182 2533 353 2586 Verberibus
363 2544 445 2580 saevo
458 2536 561 2597 cogunt
569 2532 604 2582 ab
614 2530 704 2581 iudice
715 2531 841 2583 Poenae:

185 2606 251 2654 Cum
263 2599 329 2653 mibi
340 2604 372 2650 tu
383 2600 420 2649 sis
430 2614 528 2650 caussa
537 2599 616 2662 mali,'
626 2615 677 2651 nec
686 2603 817 2651 conscius
827 2600 907 2661 adsis,

184 2672 240 2726 Sed
251 2669 443 2723 tolerabilibus
454 2671 526 2719 curis
537 2668 606 2720 haec
615 2671 762 2721 immemor
773 2671 868 2732 audis;

182 2746 263 2809 Quae
274 2748 373 2796 tamnu
393 2739 515 2794 utravis
523 2737 666 2789 dimittens
672 2740 766 2787 omnia
772 2741 871 2789 ventis.
