1882 3052
137 165 189 220 298
296 161 326 215 P.
344 161 529 217 VlRGlLll
552 159 741 214 Maeonis

81 276 130 331 435
139 268 298 334 Purpureus
310 265 393 318 veluti
403 280 487 334 quum
496 263 559 326 llos,
570 265 692 315 succisus
701 268 803 324 aratro,
830 307 833 311 .
862 290 867 297 -

140 337 309 404 languescit
317 337 449 386 moriens:
466 334 574 386 lassove
584 348 723 399 papavera
733 332 804 382 collo

138 407 286 459 Demisere
296 408 390 470 caput,
399 403 492 469 pluvia
502 417 585 469 qutun
596 401 669 453 sorte
679 408 836 469 gravantur.

140 477 177 525 At
188 473 271 525 Nisus
276 474 337 524 ruit
346 475 374 522 in
385 472 498 534 medios,
508 472 652 538 solumque
662 485 819 538 peromnes

141 543 317 595 Volscentem
326 543 410 608 petit3
425 542 454 592 in
465 541 527 591 solo
538 541 689 593 Volscente
700 539 830 590 moratur.

83 624 133 678 440
143 613 232 673 Quem
242 612 342 662 circum
352 610 497 678 glomerati
508 608 616 672 hostes,
621 607 691 727 llpinc
701 609 879 659 comminusal

556 693 610 746 que
640 693 692 740 inc,

143 749 317 800 Proturbant.
337 750 426 800 lnstat
435 763 490 799 non
500 749 601 810 secius,
612 762 644 797 ac
653 751 730 798 rotat
740 761 833 799 ensem

142 818 330 881 Fulnrineum3
347 819 435 870 donee
445 817 541 869 Rutuli
551 816 696 867 clamantis
707 818 737 866 in
749 831 796 867 ore

92 906 102 923 .
144 887 272 937 Condidit
282 887 406 948 adverso,
417 887 694 938 etmariensaninram
702 883 879 936 abstulitbost

143 957 215 1006 'l'um
226 971 307 1021 super
317 957 543 1007 exanimemsese
553 955 667 1020 proiecit
677 956 797 1006 enricum

84 1023 134 1075 445
144 1025 308 1086 confossus,
318 1024 528 1091 placidaqueibi
541 1025 651 1075 demum
662 1029 755 1075 morte
766 1024 868 1091 quievit

178 1094 325 1146 Fortunati
336 1092 428 1143 ambe!
443 1093 542 1158 siquid
554 1108 616 1144 mea
625 1095 751 1144 carmina
761 1098 875 1158 possunt,

144 1161 229 1213 Nulla
240 1163 297 1213 dies
308 1176 427 1227 unquam
439 1163 553 1212 memori
563 1177 612 1212 vos
622 1165 729 1213 eximet
739 1177 819 1215 aevo:

143 1231 218 1282 Dum
230 1231 326 1281 domtus
336 1231 446 1282 Aeneae
457 1231 576 1296 Capitoli
585 1233 729 1283 immobile
741 1247 835 1284 saxum

144 1301 268 1363 Accolet,
279 1301 476 1367 imperiumque
486 1307 566 1366 puter
575 1301 718 1351 Romanus
730 1300 846 1354 habebit

85 1377 136 1429 450
179 1369 305 1420 Victores
316 1369 419 1434 praeda
429 1371 525 1421 Rutuli
536 1370 685 1438 spoliisque
696 1372 789 1436 potiti,

31 1438 36 1448 “
144 1438 323 1490 Volscentem
334 1440 489 1489 exanimum
500 1439 599 1491 flentes
609 1441 638 1488 in
649 1447 745 1491 castra
755 1439 879 1491 ferebant

144 1508 203 1559 Nec
213 1510 303 1558 minor
311 1509 340 1557 in
351 1509 447 1558 castris
457 1508 560 1569 luctus,
572 1507 729 1560 Rhamnete
739 1513 848 1574 reperto

145 1579 299 1643 Eusangui‚
312 1581 340 1627 et
349 1578 443 1642 primis
453 1592 509 1627 una
518 1583 561 1627 tot
570 1576 654 1628 caede
664 1581 807 1642 peremtis,

146 1645 320 1712 Serranoque
330 1647 482 1712 Numaque.
501 1647 600 1712 ingens
611 1660 761 1697 concursus
772 1648 807 1698 ad
816 1648 872 1713 ipse

86 1721 136 1773 455
147 1716 279 1779 Corpora,
291 1716 493 1781 seminecesque
503 1716 588 1776 viros,
599 1715 748 1783 tepidaque
758 1722 879 1771 receutcn

147 1783 237 1833 Caede
248 1785 351 1844 locum,
362 1789 390 1834 et
399 1784 495 1849 plenos
506 1786 643 1849 spumanti
654 1787 792 1851 sanguine
803 1788 876 1836 riuos

145 1853 305 1917 Agnoscunt
314 1853 403 1917 spolia
412 1854 485 1903 inter
493 1867 537 1915 se,
548 1853 711 1920 galeamque
721 1857 855 1907 nitentem

146 1921 280 1984 Messapi,
293 1925 321 1970 et
332 1921 419 1971 multo
429 1919 557 1986 phaleras
567 1923 667 1972 stidore
678 1929 815 1989 receptas.

182 1991 217 2037 Et
227 1989 282 2038 iam
293 1991 381 2054 prima
391 2005 461 2040 novo
472 1991 619 2057 spargebat
629 1991 735 2043 lumine
745 2000 836 2045 terras

86 2064 137 2128 460
147 2055 261 2107 Tithoni
272 2072 396 2109 croceum
408 2058 534 2125 linquens
545 2061 651 2110 Aurora
662 2061 760 2124 cubile,

145 2127 203 2176 lam
215 2124 273 2175 sole
284 2126 388 2187 infuso,
399 2127 452 2176 iam
463 2128 545 2178 rebus
556 2129 617 2180 luce
628 2132 754 2181 retectis:

146 2196 256 2245 Turnus
267 2195 294 2243 in
305 2209 382 2244 arma
390 2195 477 2257 viros,
488 2198 572 2247 aruris
583 2200 766 2250 circumdatus
777 2201 844 2268 ipse,

147 2261 267 2313 Suscitut
277 2269 440 2329 aeratasque
451 2265 535 2316 acies:
552 2268 579 2316 in
591 2268 697 2332 proelia
708 2272 784 2336 cogit

82 2396 85 2400 ι
146 2332 267 2398 Quisque
278 2345 354 2393 suos,
365 2333 499 2399 variisque
510 2342 613 2386 acuunt
622 2340 778 2390 rumoribus
789 2340 849 2391 iras.

89 2407 138 2462 465
148 2403 219 2462 Quin
230 2403 289 2466 ipsa
299 2403 413 2451 arrectis
423 2405 433 2461 ί
439 2403 498 2453 uisu
508 2404 665 2457 miserabile
672 2406 693 2468 l)
704 2408 733 2458 in
744 2407 831 2458 hastis

148 2471 307 2537 Praeligunt
317 2472 419 2537 capita,
430 2476 459 2522 et
469 2472 556 2523 multo
567 2475 689 2527 clamore
698 2484 859 2544 sequuntur,

148 2540 265 2608 Euryali
276 2545 304 2591 et
313 2540 380 2591 Nisi.

146 2611 297 2666 Aeneadae
308 2611 372 2664 (luri
380 2613 563 2662 muranum'm
568 2618 650 2674 panse
656 2616 773 2664 sixtiana

146 2689 321 2757 Opposuere
332 2684 516 2750 ac'iem,nam
523 2679 768 2740 beaterat'wtbm
776 2683 864 2732 mss.
