1882 3052
190 139 244 192 406
348 137 378 190 P.
397 135 586 190 vlnerum
606 133 795 189 maneriis
882 192 890 197 ,

191 239 352 308 Scyllaeum
361 239 526 291 monstram
536 252 635 291 saxum
647 253 783 292 conversa
791 238 898 298 vocam

188 310 271 361 lllam
282 324 356 372 esse,
366 309 505 360 aerumnis
516 322 598 376 quam
609 323 693 374 saepe
704 308 828 376 legamus
837 307 905 358 Vlixi

191 379 315 431 Candida
325 378 490 428 succinctam
501 377 667 428 latrantibus
677 378 793 444 inguina
803 375 924 427 monstris

147 437 181 488 5⁰
190 446 336 500 Dulichias
345 460 460 505 vexasse
470 447 552 507 ratis,
563 450 592 497 et
600 446 711 513 gurgite
721 447 751 496 iu
762 445 823 496 alto

190 517 350 583 Deprensus
360 519 459 566 nautas
469 515 582 566 canibus
592 514 730 566 lacerasse
740 515 864 565 marinis.

191 585 247 638 Sed
259 601 348 653 neque
358 583 507 636 Maeoniae
517 581 586 635 haec
594 585 740 650 patiuntur
750 583 863 636 credere
873 579 939 634 clu·

190 723 247 774 Nec
257 723 347 774 malus
355 724 473 774 istorum
484 722 576 775 dubiis
586 722 729 775 erroribus
737 726 848 774 auctor.
932 740 937 746 ·

190 792 315 860 Namque
325 792 395 843 alias
406 791 453 843 alii
465 793 547 859 vulgo
557 793 663 843 fluxere
672 790 790 858 puellas,

148 855 181 908 65
191 863 267 924 Quae
279 858 483 927 Colophoniaco
488 860 608 926 ‹Scyllae
618 860 747 911 dicantur
756 861 889 912 Homero.

191 932 247 996 lpsi
257 945 308 981 seu
318 930 414 982 Lamia
423 934 513 982 mater
523 931 573 991 sit,
583 931 640 981 sive
652 929 788 992 Crataeis,

193 999 256 1051 Sive
266 999 344 1050 illam
355 1006 479 1050 monstro
489 1001 587 1066 genuit
596 999 699 1050 Persea
708 996 832 1060 biformi,

191 1067 255 1119 Sive
266 1077 309 1120 est
318 1075 419 1119 neutra
428 1083 543 1134 pareus:
564 1073 648 1136 atque
658 1065 749 1119 hocin
759 1067 882 1119 carmine
891 1068 937 1116 tut

132 1162 135 1167 ·
191 1137 314 1204 Inguinis
324 1142 367 1188 est
376 1137 472 1187 vitium
483 1141 513 1188 et
522 1137 641 1189 Veneris
652 1136 792 1203 descripta
802 1135 899 1196 libiam

150 1226 182 1276 70
192 1205 255 1258 Sive
265 1207 347 1257 etiam
358 1211 401 1257 est
411 1207 491 1257 iactis
502 1207 622 1271 speciem
632 1210 742 1256 mutata
750 1206 875 1267 venenis,

191 1274 292 1327 Infelix
301 1276 393 1341 uirgo:
411 1274 476 1341 quid
488 1277 563 1326 enim
573 1277 752 1326 commiserat
760 1273 830 1326 illas

190 1345 252 1409 lpse
264 1344 348 1395 Pater
358 1343 459 1394 nudam
470 1359 554 1395 saera
564 1344 725 1410 complexus
736 1358 825 1395 arena

192 1413 356 1479 Coniugium
368 1427 448 1464 carae
458 1412 610 1464 riola-verat
619 1411 815 1478 Amphitrites:

190 1483 320 1547 Attamen
331 1482 426 1548 exegit
435 1480 519 1600 1οηῗο
526 1488 595 1547 >post
604 1487 731 1547 tempore
741 1495 858 1548 poenas,

48 1546 59 1555 '
149 1562 182 1621 75
192 1551 243 1613 Vt,
253 1565 315 1601 cum
324 1565 390 1601 eura
400 1551 442 1600 sui
452 1565 485 1601 re
496 1556 601 1602 reretur
611 1551 737 1618 coniugis
747 1550 818 1614 alto,

191 1620 254 1685 lpsa
263 1625 370 1671 trucem
381 1619 469 1669 multo
481 1621 610 1670 misceret
619 1621 755 1686 sanguine
765 1623 891 1686 pontum.

192 1688 247 1739 Seu
257 1704 332 1750 vero,
342 1694 374 1739 ut
382 1687 537 1753 perhibent,
550 1688 639 1739 forma
649 1690 931 1740 cumvinceretomn·.

191 1759 228 1807 Et
237 1757 352 1822 cupidus
361 1764 478 1824 quaestu
487 1758 587 1824 passim
598 1757 733 1822 spoliaret
743 1763 883 1811 amantes:

192 1826 316 1876 Piscibus
327 1831 356 1877 et
366 1828 479 1878 canibus
488 1827 592 1878 rabidis
602 1825 706 1876 vallata
717 1832 846 1892 repente,

148 1901 183 1949 80
191 1894 349 1945 llcrribiles
359 1896 462 1946 circum
471 1896 541 1946 vidit
551 1911 581 1947 se
591 1897 690 1946 sistere
701 1894 818 1947 formas.

191 1966 255 2014 Heu
266 1965 375 2029 quoties
385 1968 487 2016 mirata
495 1979 582 2015 noros
593 1963 728 2030 expalluit
738 1965 833 2016 artus!

191 2034 255 2098 lpsa
265 2045 329 2080 suos
340 2032 514 2098 quoties-heu
524 2034 667 2100 pertimuit
676 2033 813 2085 latratus!

191 2103 264 2151 riusa
275 2100 349 2167 quod
360 2106 403 2150 est
413 2102 513 2154 mulier
524 2118 625 2154 numen
636 2102 768 2154 fraudare
778 2103 911 2165 Deorum,

191 2172 227 2220 Et
236 2169 339 2220 dictam
349 2169 453 2221 Veneri
465 2176 592 2222 votorum
601 2177 710 2223 vertere
720 2187 856 2238 poenam:

148 2245 182 2296 85
192 2237 651 2303 quammalamultipliciiuvenum
658 2240 733 2308 quod
739 2248 838 2308 saepta
843 2247 941 2295 catem-

190 2309 308 2361 Dixerat
318 2311 400 2373 atque
411 2308 502 2358 animo
513 2311 647 2360 meretrix
656 2311 762 2362 iactata
773 2309 902 2374 ferarum,

190 2377 324 2428 Infamem
335 2376 384 2426 tali
395 2379 496 2427 merito
506 2392 619 2429 rumore
630 2378 724 2441 luisse,

189 2446 282 2497 Docta
292 2443 469 2509 Palaephatia
479 2451 600 2497 testatur
609 2462 677 2499 rece
686 2461 822 2515 papyrus.

190 2513 344 2580 Quidquid,
355 2519 384 2564 et
394 2517 548 2580 utquisque
559 2521 601 2566 est
610 2517 660 2566 tali
670 2516 705 2567 de
715 2518 797 2570 clade
809 2519 919 2580 locutus,

149 2603 181 2654 90
192 2585 292 2634 Omnia
302 2583 368 2633 siut:
385 2584 477 2648 potius
488 2582 571 2634 liceat
581 2588 726 2636 notescere
737 2588 832 2654 Cirin;
901 2618 904 2623 ·

192 2653 280 2723 Atque
290 2666 373 2704 uuam
385 2666 420 2706 ex
430 2653 524 2705 multis
535 2651 657 2720 Scyllam
668 2668 725 2708 uon
736 2671 801 2711 esse
810 2657 912 2726 puellis.
