1882 3052
114 66 147 105 ”
176 128 229 185 aaz
332 127 362 181 r.
380 126 565 213 urrann
586 86 775 179 uenenis
827 172 832 179 .

120 234 300 313 785'1'mnsiit
309 233 445 284 intextum
455 233 543 284 tauris
553 245 636 297 opus,
646 231 755 296 imaque
765 228 834 279 sedit

176 304 306 369 Inguine;
321 302 369 353 sed
380 303 451 352 vires
461 300 534 352 haud
544 300 669 366 pertulit.
689 300 772 350 Ocius
782 311 849 348 enses

177 376 297 432 Aeneas,
306 372 364 421 riso
373 368 513 436 Tyrrheni
524 370 660 436 sauguine
668 368 769 431 laetus,

174 441 267 505 Eripit
276 455 294 489 a
304 439 418 500 lemine,
428 444 456 490 et
467 438 618 504 trepidanti
629 437 752 488 fervidus
761 437 846 486 instat

177 510 315 576 Ingemuit
324 509 380 559 cari
389 509 511 575 graviter
521 507 654 574 genitoris
664 519 770 568 amore,

119 607 169 658 790
178 577 218 629 Vt
227 577 309 639 vidit,
319 577 440 639 Larisum
456 577 643 642 lacrimaeque
652 589 703 640 per
713 589 764 625 ora
774 573 849 624 volut

176 647 232 697 llio
241 647 337 696 mortis
348 646 433 697 durae
444 659 549 705 msunr,
559 649 662 711 tuaque
674 645 780 709 optinra
790 642 849 694 sace

177 713 206 766 Si
218 729 272 781 qua
282 714 363 766 tidem
374 720 453 764 tanto
463 719 505 765 est
515 714 592 778 operi
602 713 696 763 latura
706 717 833 773 vetustas,

176 782 239 832 Non
251 782 390 849 equidem,
400 797 451 833 neo
460 788 502 844 te,
511 782 619 832 iuvenis
628 781 821 841 memorande,
833 779 849 829 si

176 851 228 902 llle
240 851 336 916 perlem
348 851 483 913 referens,
494 855 522 901 et
531 850 650 912 inutilis,
661 850 746 918 inque
756 848 849 916 ligatus

119 922 167 990 795
178 919 313 982 Cedebat,
324 920 465 987 clipeoque
474 920 616 970 inimicum
626 917 849 970 hastile-traheba

176 987 308 1054 Prorupit
317 988 435 1052 iuvenis,
445 1002 559 1055 seseque
568 988 715 1038 immiscuit
725 989 824 1050 armis3

176 1059 288 1124 lamque
297 1058 466 1123 assurgentis
476 1057 575 1107 dextra
585 1057 752 1126 plagamque
764 1055 849 1108 ferent

176 1127 287 1177 Aeneae
296 1126 380 1176 subiit
390 1139 562 1187 mucronem,
572 1127 715 1193 ipsumque
726 1124 849 1177 nroranu

177 1191 325 1255 Sustinuit3
341 1195 408 1242 socii
417 1208 519 1258 magno
530 1194 652 1246 clamore
661 1201 831 1262 sequuntur:

117 1263 167 1317 800
175 1248 249 1313 Dum
260 1261 369 1328 genitor
378 1262 436 1312 nati
446 1276 542 1327 parma
551 1269 692 1328 protectus
702 1265 811 1327 abiret;

175 1328 301 1396 Telaque
311 1331 468 1391 coniiciunt,
478 1333 697 1398 proturbantque
708 1332 819 1382 eminus
829 1329 849 1382 ln

175 1398 337 1449 Missilibus.
356 1398 437 1449 Furit
446 1399 552 1450 Aeneas
556 1434 565 1462 ,
575 1403 720 1467 tectusque
731 1407 849 1454 tenetes

175 1469 213 1518 Ac
221 1468 311 1532 volut,
322 1465 409 1518 effusa
418 1469 442 1519 si
453 1468 561 1535 quando
572 1467 707 1534 grandine
719 1470 808 1521 nimbi

175 1536 374 1603 Praecipitant,
385 1538 474 1587 omnis
483 1538 586 1602 eanrpis
596 1534 708 1604 diffugit
718 1544 825 1602 arator,

117 1605 167 1657 805
176 1606 274 1656 Omnis
284 1612 313 1657 et
323 1605 497 1672 agricolam
506 1611 566 1656 tuta
576 1605 646 1655 latet
655 1621 722 1658 mee
733 1609 834 1671 viator,

175 1675 230 1724 Aut
240 1675 327 1724 anrnis
337 1675 414 1740 ripis,
425 1680 474 1725 aut
484 1675 533 1725 alti
543 1673 647 1725 fornice
656 1678 731 1738 saxi,

174 1742 249 1793 Dum
259 1744 330 1809 pluit
338 1745 367 1794 in
378 1745 472 1805 terris,
482 1751 514 1795 ut
523 1745 640 1809 possint,
651 1745 714 1796 sole
725 1747 848 1809 reducto,

174 1812 313 1862 Exercere
325 1813 410 1863 diem:
426 1813 466 1863 sic
477 1814 589 1864 obrutus
600 1813 724 1880 undique
735 1816 802 1867 telis

175 1880 283 1930 Aeneas
294 1881 394 1931 nubem
403 1880 483 1943 belli,
495 1882 559 1932 dum
569 1881 697 1943 detonet,
710 1898 824 1936 omnem

117 1945 167 1997 810
176 1944 307 2008 Sustinet,
319 1950 632 2016 etLausuminerepitat,
643 1950 849 2021 Lausoquemir

175 2016 236 2076 Quo
247 2018 381 2069 moriture
392 2020 461 2081 ruis,
472 2020 630 2086 maioraque
641 2021 749 2072 viribus
759 2024 843 2074 audes

174 2084 260 2133 Fallit
268 2095 296 2133 te
307 2087 447 2136 incautum
458 2089 546 2153 pietas
556 2095 612 2138 tua.
631 2087 689 2140 Nec
701 2093 797 2143 minus
807 2093 849 2143 ille

174 2153 304 2203 Exsultat
313 2153 434 2205 demens.
456 2156 560 2209 Saerae
570 2160 679 2224 iamque
691 2159 780 2212 altius
791 2164 845 2213 irae

175 2220 316 2271 Dardanio
327 2229 444 2289 surgunt
454 2225 575 2289 ducturi,
584 2231 767 2296 extremaque
777 2234 849 2284 Laus<

117 2292 166 2343 315
175 2290 277 2340 Parcae
287 2289 336 2340 tila
345 2290 455 2357 legunt:
471 2294 592 2346 validum
603 2312 723 2364 namque
734 2303 822 2369 exigit
830 2315 849 2351 er

176 2359 230 2411 Per
241 2359 360 2410 medium
370 2362 478 2412 Aeneas
488 2363 627 2428 iuvenem,
643 2372 792 2436 totumque
802 2383 849 2421 reu

176 2429 300 2478 Transiit
311 2435 339 2480 et
348 2444 471 2495 parmam
482 2446 590 2497 mucro,
601 2435 671 2485 levia
682 2451 765 2488 arma
775 2442 849 2489 minu

176 2499 211 2547 Et
221 2500 353 2560 tunicam,
363 2499 441 2549 molli
452 2507 541 2553 nrater
551 2519 631 2569 quam
642 2514 760 2557 neverat
770 2524 845 2570 euro3

176 2569 360 2639 Inpleritque
369 2569 460 2620 sinum
467 2574 660 2636 sanquis-,tum
672 2575 730 2624 rita
741 2591 792 2641 per
800 2592 849 2627 eun

115 2648 168 2699 820
179 2643 330 2699 concessit
337 2645 452 2694 moesta
457 2639 602 2692 eumenes
609 2672 618 2699 ,
624 2647 849 2706 eorpusquexelxq
