1882 3052
142 193 192 250 ros
306 191 338 248 Ρ.
354 189 538 248 vipereo
559 167 747 245 nicenis

141 297 214 350 Cara
222 297 296 350 Iovia
306 297 437 360 coniunx,
448 311 499 348 nec
509 295 611 347 famam
621 289 840 353 obstareturori,

139 365 257 419 Talibus
267 366 428 434 aggreditur
438 367 578 418 Venerem
589 361 722 416 Saturnia
731 360 825 412 dictio

38 438 43 455 “
139 437 289 503 Egregiam
298 448 363 486 vero
374 433 486 486 laudem
496 440 525 485 et
535 432 624 499 spolia
632 431 725 497 ampla
734 428 846 481 referto

140 506 240 573 Tuque
249 517 373 571 puerque
382 507 461 567 tuua3
476 517 605 572 magnum
616 506 644 552 et
654 497 833 553 memorabile

555 585 658 622 numen
832 616 845 629 ,

16 671 17 674 ¹
97 645 131 714 95
141 641 204 694 Vna
213 640 279 692 dolo
289 629 385 692 divum
392 639 416 690 si
427 637 530 692 femina
540 642 612 690 ricta
621 605 742 690 duorum
753 642 803 690 eet.

47 749 52 755 -
140 710 198 764 Nee
208 725 254 762 me
263 709 332 760 adeo
344 707 429 770 fallit,
440 709 556 759 veritam
567 714 596 760 te
606 708 717 760 moenia
726 711 824 758 nostra

94 782 103 811 Ι
140 779 287 846 suspectas
298 775 427 829 habuisse
438 777 535 828 domos
547 775 722 844 Carthaginis
734 776 816 827 altae.

139 847 196 899 Sed
206 848 267 915 quie
276 845 849 914 eritmodusiautquonunecertaminatun

139 918 213 979 Quin
223 917 415 983 potiospacem
420 920 562 967 aeternam
568 915 849 982 pactosqueHynrenr

84 1007 130 1042 100
138 983 324 1038 Exercemusi
339 982 437 1047 habes,
447 989 507 1035 tote
518 982 593 1052 quod
603 990 695 1036 mente
705 984 814 1051 petistit

138 1055 226 1106 Ardet
236 1068 331 1104 amans
342 1053 416 1104 Dido
422 1090 430 1116 ,
441 1055 582 1120 traxitque
592 1068 642 1119 per
653 1068 717 1104 ossa
728 1052 849 1105 furorem

77 1120 80 1125 ’
140 1124 319 1175 Communem
329 1120 402 1172 hune
412 1136 479 1189 ergo
490 1123 621 1187 populum
631 1124 800 1190 paribusque
811 1135 849 1189 reg

555 1206 617 1242 mus

137 1261 284 1325 Auspiciis3
300 1260 381 1311 liceat
391 1257 515 1326 Phrygio
526 1263 630 1311 servire
641 1261 752 1324 marito,

137 1329 309 1397 Dotalesque
319 1334 385 1380 tuae
396 1330 499 1395 Tyrios
510 1331 670 1394 permittere
683 1329 808 1383 dextrae.

82 1409 129 1460 105
174 1398 231 1449 Olli
241 1400 339 1460 (sensit
350 1399 424 1448 enim
434 1399 563 1448 simulata
574 1404 666 1450 mente
677 1399 809 1465 locutam,

139 1468 201 1530 Quo
212 1482 329 1534 regnum
339 1467 437 1520 italiae
447 1466 568 1533 Libycas
578 1473 719 1520 averteret
729 1471 805 1531 oras)

140 1535 186 1588 Sic
195 1541 292 1588 eontra
302 1542 345 1588 est
354 1538 480 1604 ingressa
489 1537 597 1588 Venus:
613 1537 682 1598 Quis
692 1537 763 1589 talia
774 1538 849 1591 deme

138 1606 261 1669 Abnuat,
273 1611 321 1657 aut
330 1611 422 1657 tecum
432 1605 510 1656 malit
521 1606 688 1658 contendere
698 1606 792 1658 belloi

138 1672 169 1726 Si
180 1676 270 1739 modo,
282 1675 355 1742 qnod
366 1685 510 1736 memoras,
522 1673 624 1725 factum
635 1675 749 1728 fortuna
760 1686 849 1744 sequar

45 1748 52 1759 ⁸
83 1765 130 1799 110
140 1742 195 1795 Sed
206 1744 271 1795 satis
282 1745 388 1795 incerta
398 1743 485 1806 feror,
497 1745 520 1794 si
531 1745 636 1809 Iupiter
646 1760 730 1795 unam

137 1814 207 1864 Esse
217 1814 286 1864 velit
296 1814 390 1880 Tyriis
401 1813 498 1865 urbem
509 1815 648 1880 Troiaque
659 1813 800 1879 profectis,

137 1881 285 1932 Miscerive
295 1882 394 1946 probet
404 1883 532 1947 populos,
543 1888 593 1934 aut
604 1882 718 1934 foedera
728 1886 819 1952 iungi.-

137 1950 183 2000 To
193 1951 325 2012 coniunx3
339 1950 390 2001 tibi
401 1950 443 2000 fon
454 1951 576 2002 animum
586 1957 695 2004 tentare
705 1954 849 2018 precando.

41 2014 51 2035 ¹
137 2016 240 2084 Perge3
257 2032 364 2084 sequar.
386 2020 458 2069 Turn
469 2021 510 2070 sic
520 2025 628 2087 excepit
637 2024 715 2088 regia
725 2024 808 2074 luno:

82 2088 129 2139 115
139 2087 250 2139 Mecum
261 2087 315 2138 erit
325 2088 377 2139 iste
388 2082 475 2138 labor.
497 2088 577 2140 Nunc
588 2106 642 2157 qua
653 2094 775 2154 ratione,
787 2106 849 2159 quo«

552 2160 647 2221 instat,

140 2224 259 2275 Confieri
269 2224 368 2289 possit,
379 2227 486 2291 paucis,
497 2228 624 2291 adverte,
636 2229 748 2279 docebo.

138 2293 279 2345 Venatum
289 2295 395 2346 Aeneas
407 2311 516 2364 unaque
527 2299 682 2348 miserrima
691 2299 766 2349 Dido

137 2363 170 2414 ln
181 2377 277 2414 nemus
288 2365 329 2415 ire
339 2371 451 2429 parant,
462 2365 510 2415 ubi
520 2368 623 2432 primos
635 2369 773 2419 crastinus
785 2375 849 2420 ortu

138 2431 281 2484 Extulerit
291 2435 386 2495 Titan,
394 2434 535 2502 radiisque
546 2438 682 2488 retexerit
693 2437 797 2489 orbem.

82 2517 129 2553 120
137 2503 190 2554 His
201 2515 253 2570 ego
263 2502 419 2570 nigranter'n
429 2506 577 2556 commixta
587 2506 722 2573 grandine
733 2507 849 2558 nimbun

133 2572 210 2626 Dum
222 2573 366 2642 trepidant
376 2573 451 2637 aiae,
459 2573 603 2642 utiturque
612 2575 742 2640 indagine
753 2577 849 2642 cingor

30 2662 34 2669 ·
126 2644 263 2717 Desuper
272 2644 604 2712 infundant,ettonitrn
612 2642 849 2693 coetnrnunxned

115 2716 292 2793 Diffugient
304 2722 444 2785 comites,
455 2720 489 2772 et
498 2718 586 2767 nocte
593 2713 729 2777 tegentur
741 2719 844 2768 opacat
