1882 3052
142 158 190 213 us
293 155 526 229 rsvrssrnn
549 154 742 209 musonis

27 244 31 253 ¹
81 268 132 322 430
140 263 288 328 Exspeetet
298 260 463 329 facilemque
474 260 742 328 fugam,ventosque
752 256 803 310 l'err

140 330 203 383 Nun
212 332 267 382 iam
278 332 437 398 coniugium
447 332 600 399 antiquum,
610 329 685 398 qued
695 328 803 395 prodiffl

139 399 199 453 Nec
208 397 324 467 pulchre
335 398 452 450 utbatie
458 405 560 462 careat,
565 413 738 466 regnumque
743 396 803 450 reli]

140 468 263 535 Tempus
273 469 355 520 inane
365 473 443 534 pete,
452 471 577 536 requiem
588 469 765 534 spatiumque
775 464 803 517 iu

140 535 214 588 Dum
224 551 286 589 mea
295 552 340 588 me
350 538 450 587 metam
460 537 560 587 doceat
570 535 684 590 fortuna
694 534 801 587 dolere.

81 607 301 666 decumanam
311 603 382 655 banc
393 619 442 655 oro
453 607 576 669 veniam3
590 607 726 657 miserere
735 617 802 654 soro

141 676 230 739 Quam
238 671 306 725 mihi
316 688 400 740 quum
411 672 534 736 dederis,
544 673 715 726 cumulatam
725 678 803 724 mort

552 745 670 795 mittam.

175 809 291 862 Talibus
302 809 413 874 orabat;
426 810 553 878 talesque
563 813 722 863 nriserrima
733 810 803 862 lietu

141 879 263 947 Fertque
272 879 416 947 refertque
426 895 513 931 soror.
534 879 589 932 Sed
599 879 684 931 nullis
694 880 744 931 ille
756 894 803 930 mu·

141 948 280 1011 Fletibus,
290 954 340 999 aut
349 963 430 1000 voces
440 948 513 998 ullas
522 949 679 1000 tractabilis
689 948 784 1009 audit3

82 1024 132 1078 440
142 1017 214 1068 Fata
224 1017 344 1079 obstant,
355 1017 533 1084 placidasque
544 1018 593 1066 viri
605 1017 675 1066 deus
684 1016 803 1067 obstruit

141 1089 181 1139 Ac
191 1086 278 1137 veluti
288 1101 393 1136 annoso
404 1085 523 1136 validam
535 1099 619 1150 quum
630 1084 736 1136 robore
747 1099 803 1152 que:

141 1154 232 1220 Alpini
243 1155 351 1207 Boreae
361 1169 434 1205 nunc
443 1152 507 1203 hinc
516 1167 590 1202 nunc
600 1151 712 1209 flatibus
723 1153 803 1205 illiue

141 1225 250 1275 Eruere
260 1224 333 1275 inter
343 1236 373 1272 se
384 1225 504 1272 certant:
519 1222 543 1270 it
551 1221 656 1272 stridor
668 1227 698 1272 et
707 1221 770 1274 alte

144 1293 332 1342 Consteruuut
340 1294 444 1340 terram
454 1303 589 1341 concusso
598 1291 695 1356 stipite
704 1288 803 1343 fronde

83 1370 134 1424 445
142 1361 207 1427 lpsa
215 1358 312 1411 haeret
320 1357 455 1424 scopulis,
466 1363 501 1419 et,
512 1364 646 1425 quantum
657 1361 768 1412 vertice
777 1360 803 1411 at'

143 1426 299 1490 Aetherias,
309 1432 418 1478 tanturn
429 1426 522 1477 radice
531 1428 559 1476 in
570 1428 693 1479 Tartara
701 1429 803 1480 tendit:

142 1497 228 1551 Haud
238 1513 317 1548 secus
328 1495 445 1547 assiduis
455 1493 518 1546 binc
528 1501 612 1562 atque
622 1494 687 1549 bine
696 1499 803 1549 vocibm

116 1578 121 1583 ·
144 1566 298 1628 'l'unditur,
309 1571 340 1616 et
347 1578 446 1631 magno
457 1567 591 1629 persentit
600 1569 717 1630 pectore
728 1581 803 1617 eurus

145 1634 227 1686 Mens
237 1636 354 1685 immota
362 1638 469 1694 manet3
484 1632 613 1685 lacrimae
623 1633 779 1686 volvuntur
787 1637 803 1700 ir

85 1714 136 1767 450
180 1705 253 1754 Turn
264 1718 329 1755 vero
341 1702 440 1753 infelix
449 1700 514 1752 fatis
525 1703 660 1753 exterrita
668 1703 747 1756 Dido

144 1773 267 1824 Mortem
279 1779 353 1830 orat;
369 1771 464 1822 taedet
474 1771 544 1821 coeli
555 1786 679 1823 convexa
688 1775 773 1825 tueri.

145 1841 207 1901 Quo
217 1842 305 1906 magis
314 1841 455 1904 inceptum
466 1845 588 1906 peragat,
599 1840 750 1909 lucemque
758 1841 803 1894 reli

144 1907 236 1968 Vidit,
247 1909 403 1958 turicremis
415 1924 498 1974 quum
510 1909 582 1961 duna
591 1911 754 1976 imponeret
763 1912 803 1963 ari

146 1975 337 2036 (Horrendum
348 1975 434 2036 dictu)
445 1976 542 2028 latices
552 1979 712 2045 nigrescere
723 1994 803 2034 sacru

86 2051 136 2108 455
145 2043 274 2110 Fusaque
283 2044 312 2092 in
324 2043 472 2094 obscenum
484 2060 513 2096 se
523 2054 631 2098 vertere
641 2050 708 2099 vina
719 2063 803 2103 eruum

144 2113 209 2165 Hoc
218 2114 306 2161 risum
316 2111 399 2172 nulli,
410 2126 465 2162 non
475 2114 528 2178 ipsi
540 2115 737 2170 effatasorori.

145 2181 297 2232 Praeterea
307 2178 361 2229 fuit
369 2181 398 2231 in
409 2182 489 2231 tectis
500 2184 533 2234 de
544 2199 683 2239 marmore
693 2187 803 2255 templu

146 2249 279 2316 Coniugis
288 2249 408 2316 antiqui,
418 2251 488 2301 miro
500 2254 574 2320 quod
584 2253 691 2307 bonore
702 2258 803 2310 celebs

144 2317 303 2370 Velleribus
313 2320 399 2370 niveis
409 2324 438 2371 et
448 2319 520 2372 festa
530 2321 629 2376 frende
639 2326 802 2378 revinctum.

86 2397 137 2451 450
146 2386 221 2440 Hinc
231 2388 356 2440 exaudiri
366 2402 447 2440 voces
458 2396 487 2441 et
496 2391 580 2444 verba
590 2396 718 2446 vocantis

146 2458 215 2511 Visa
223 2458 288 2518 viri,
298 2471 354 2508 nex
364 2473 448 2525 quum
458 2464 549 2511 terras
559 2463 679 2516 obscura
688 2469 803 2525 teneret

146 2526 267 2595 Solaque
278 2525 443 2579 culminibus
454 2528 535 2582 ferali
546 2534 668 2586 carmine
677 2534 752 2587 bubo

146 2595 235 2662 Saepe
244 2595 338 2663 queri,
348 2602 377 2647 et
387 2598 483 2666 longas
493 2599 628 2653 infletum
640 2604 742 2656 ducere
751 2615 803 2653 voe

145 2664 291 2735 Multaque
300 2673 447 2734 praeterea
457 2673 548 2721 vatum
559 2673 705 2738 praedicta
713 2673 803 2741 piuruu
