1882 3052
156 189 190 240 42
305 185 334 236 Ρ.
354 181 539 236 ῊΒΕΙΙᾸΙ
562 177 754 232 MARONIS

96 291 144 360 375
153 284 250 345 Atriae
261 287 359 357 fugere
369 300 467 353 grues3
482 288 531 335 aut
541 283 642 335 bucula
652 284 763 335 coelum

154 359 311 427 suspiciens
321 355 425 424 patulis
434 353 556 418 captavit
565 352 679 403 neribus
688 366 789 418 auras3

154 433 209 485 Aut
219 432 319 495 arguta
328 425 406 476 lacus
417 421 648 474 circumvolitavit
658 419 793 486 hirund03

154 501 192 551 Et
200 504 322 550 veterem
333 496 361 543 in
372 493 439 542 limo
449 506 535 542 ranae
546 492 671 543 cecinere
683 491 837 558 querclam.

155 567 271 633 Saepius
280 574 309 615 ot
318 563 399 614 tectis
410 560 599 628 penetralibus
609 561 713 612 extulit
723 575 776 612 ova

95 634 146 692 580
155 640 308 702 Angustum
319 631 437 683 formica
446 636 539 681 terens
548 632 615 693 iter3
629 636 658 681 et
668 630 738 681 bibit
746 631 847 698 ingens

154 709 254 766 Arcus3
269 707 298 753 et
307 717 322 752 e
331 707 413 768 pastu
422 699 558 750 decedens
569 700 678 766 agmine
689 713 791 765 magno

155 775 309 825 Carnorum
320 770 459 836 increpuit
468 769 560 820 densis
570 769 710 822 exercitus
720 768 782 818 alis.

154 845 213 905 lam
224 841 314 892 varius
323 839 418 906 pelagi
427 838 567 900 volucres,
578 843 606 889 et
616 852 687 905 quae
698 837 764 891 Asia
773 837 879 890 circum

154 908 291 963 Dulcibus
300 912 329 959 in
339 909 444 975 stagnis
453 908 682 973 rimanturprata
691 906 813 973 Caystri,

94 973 145 1031 585
156 980 290 1032 Certatim
301 979 396 1045 largos
405 976 528 1028 humeris
536 975 684 1027 infundere
695 990 782 1039 rores,

154 1045 563 1115 Nunccaputobiectarelretis,
573 1060 767 1097 nunccurrere
777 1047 806 1096 in
816 1045 912 1114 undas,

153 1120 191 1172 Et
200 1118 292 1169 studio
302 1119 440 1170 incassum
451 1117 544 1168 videas
553 1116 657 1184 gestire
667 1114 787 1166 lavandi.

155 1188 227 1238 Tum
238 1189 336 1239 cornix
344 1188 428 1256 plena
436 1187 558 1254 pluviam
568 1191 650 1238 vocat
659 1184 788 1252 improba
796 1198 876 1248 voce,

153 1255 191 1308 Et
200 1255 261 1308 sola
269 1259 299 1308 in
308 1260 381 1309 sicca
392 1272 486 1309 secum
494 1258 633 1324 spatiatur
642 1270 735 1307 arena.

95 1322 145 1391 590
154 1323 212 1376 Nec
222 1330 360 1379 nocturna
370 1327 480 1394 quidem
490 1330 636 1392 carpentes
647 1338 732 1391 pensa
742 1323 855 1391 puellae

153 1392 302 1446 Nescivare
311 1392 442 1444 hiemem:
457 1402 530 1450 testa
540 1410 624 1461 quum
635 1389 751 1446 ardente
762 1393 892 1445 riderent

154 1462 314 1515 Scintillare
325 1464 418 1515 oleum
428 1468 457 1514 et
466 1468 563 1528 putres
573 1476 752 1514 concrescere
763 1461 873 1532 fungos,

187 1531 247 1584 Nec
256 1533 347 1582 minus
358 1547 392 1584 ex
403 1532 484 1583 imbri
494 1532 568 1583 soles
578 1536 608 1582 et
617 1537 714 1598 aperta
723 1545 825 1583 serena

153 1600 315 1669 Prospicere
326 1606 355 1653 et
365 1603 449 1653 certis
459 1603 564 1666 poteris
575 1615 743 1668 cognoscere
753 1597 854 1668 signis:

93 1670 142 1741 595
153 1668 222 1722 Nam
234 1686 322 1738 neque
332 1677 392 1723 tum
403 1670 491 1721 stellis
501 1672 574 1722 acies
586 1672 685 1721 obtusa
694 1669 814 1732 videtur,

125 1761 133 1771 ·
152 1739 211 1790 Nec
221 1739 316 1791 fratris
326 1741 411 1791 radiis
422 1740 542 1791 obnoxia
552 1755 666 1807 surgere
677 1740 766 1801 Luna,

146 1804 261 1859 'Tenula
269 1824 320 1860 nee
331 1809 411 1860 lanae
421 1823 473 1874 per
482 1809 592 1860 coelum
602 1809 707 1860 vellera
717 1807 800 1873 ferri3
904 1830 910 1837 ·

151 1876 215 1928 Non
225 1879 349 1944 tepidum
360 1879 395 1928 ad
405 1877 492 1928 solem
503 1892 607 1944 pennas
617 1880 644 1928 in
655 1879 739 1929 litore
749 1879 876 1944 pandunt

94 1994 101 2003 ,
151 1945 279 1998 Dilectae
290 1945 403 1997 Thetidi
414 1945 560 2011 alcyonem
574 1961 629 1996 non
641 1960 689 1997 ore
699 1945 815 2007 solutos

91 2013 142 2065 400
151 2016 287 2066 Immundi
298 2016 449 2067 meminere
459 2015 637 2066 suesiactare
647 2016 792 2082 maniplos.

150 2081 909 2151 Atnebulaemagisimapetuntcampoquereeumbunt3

151 2151 224 2203 Solis
234 2156 264 2202 et
273 2165 401 2201 occasum
411 2165 524 2202 servans
533 2153 568 2204 de
579 2153 699 2205 eulmine
710 2170 820 2207 summo

149 2218 344 2288 Nequidquam
355 2234 432 2271 seros
443 2227 557 2275 exercet
566 2230 669 2274 noctua
680 2229 784 2275 cantus.

149 2291 270 2355 Apparet
279 2289 384 2363 liquido
395 2291 519 2341 sublimis
529 2293 557 2341 in
569 2295 632 2344 ae're
643 2293 736 2356 Nisus,
754 2297 755 2300 ’

89 2359 138 2416 405
149 2359 186 2410 Et
196 2372 247 2425 pro
256 2374 396 2426 purpureo
406 2373 510 2426 poenas
520 2360 568 2412 dat
579 2361 676 2429 Scylla
687 2364 798 2429 capillo.

148 2428 664 2498 Quocunqueillalevemfugienssecat
673 2433 790 2488 aethera
800 2433 908 2501 pennis,

146 2496 219 2550 Ecce
229 2498 368 2562 inimicus,
379 2505 473 2560 atrox,
483 2514 584 2566 magno
595 2503 716 2556 stridore
728 2519 779 2571 per
788 2519 872 2557 auras

141 2566 304 2636 Insequitur
313 2568 408 2620 Nisus:
424 2582 518 2636 quase
528 2567 585 2621 fert
595 2571 679 2627 Nisus
689 2574 724 2625 ad
735 2589 827 2636 auras,

130 2633 188 2686 Illa
199 2636 293 2690 larem
306 2637 419 2708 fugiens
429 2640 538 2709 raptim
546 2645 626 2692 secat
634 2641 752 2692 aethera
756 2644 866 2706 pennis,

53 2692 72 2742 4
77 2710 112 2747 ιο
124 2702 200 2758 Tum
211 2707 343 2778 liquidas
355 2713 441 2769 corvi
452 2724 558 2784 presso
566 2716 614 2768 ter
624 2714 840 2779 {ultumum
