1882 3052
86 214 89 219 -
184 173 219 226 tt
346 169 375 222 Ρ.
394 166 575 222 VlRGlLll
596 161 784 219 menonis
878 186 884 203 ι

183 274 419 341 Nocteprsmunt3
431 270 694 340 quodiamtenebris
705 274 735 321 et
744 266 805 320 sole
816 266 931 325 cadente

184 343 242 396 Sub
252 344 343 396 lucem
354 347 504 408 exportans
515 339 632 392 calathis
644 339 704 389 adit
713 337 817 405 oppida
832 343 929 404 pastor.

182 413 239 466 Aut
247 428 332 480 parco
342 412 401 463 sale
412 411 588 475 contingunt,
599 407 738 476 hiemique
749 411 897 474 reponunt.

218 481 277 534 Nec
286 482 337 533 tibi
348 494 416 532 cura
426 493 527 530 canum
537 475 623 530 fuerit
632 483 788 543 postrema:
803 475 921 528 seduna

123 550 174 605 405
183 549 300 604 Veloces
311 549 428 616 Spartae
439 547 546 598 catulos
558 561 705 613 acremque
716 546 874 597 Molossum

183 621 270 672 Pasce
280 633 343 670 sero
354 618 458 684 pingui.
478 615 626 684 Nunquam
637 615 800 667 custodibus
810 614 870 666 illis

183 688 356 741 Nocturnum
367 685 484 737 stabulis
494 686 585 737 furem
596 687 779 752 incursusque
789 684 929 752 luporum,

183 750 238 810 but
246 758 400 821 impacatos
410 770 428 806 a
437 759 517 822 tergo
529 754 655 806 horrebis
666 755 771 806 lberos.

167 884 172 892 ,
184 824 272 891 Saepe
283 826 367 875 etiam
379 839 462 876 cursu
472 824 586 875 timidos
596 824 713 890 agitabis
724 837 855 889 onagros,

123 890 174 944 410
184 893 220 944 Et
229 894 344 945 canibus
354 893 492 958 leporem,
503 894 617 945 canibus
627 893 764 944 venabere
775 892 890 955 damasq

183 960 272 1028 Saepe
280 960 433 1014 volutabris
443 963 538 1029 pulsos
548 962 722 1013 silvestribus
733 975 816 1026 apros

181 1030 304 1082 Latratu
314 1032 438 1083 turbabis
450 1047 546 1098 agens,
558 1035 720 1098 montesque
731 1045 780 1096 per
791 1029 865 1080 altos

181 1100 324 1166 lugentem
336 1099 458 1151 clamore
470 1115 578 1166 premes
590 1099 625 1150 ad
636 1101 708 1152 retia
719 1114 841 1151 cervum.

218 1167 303 1219 Disce
314 1173 343 1219 et
352 1169 499 1219 odoratam
509 1169 627 1220 stabulis
637 1169 791 1220 accendere
802 1166 927 1229 cedrum,

122 1232 173 1288 '415
184 1235 383 1304 Galbaneoque
394 1239 503 1304 agitare
513 1252 611 1307 graves
621 1238 720 1288 nidore
731 1236 891 1302 chelydros.
926 1249 929 1253 ’

162 1314 166 1321 ’
181 1304 271 1372 Saepe
282 1307 333 1356 sub
344 1307 467 1357 immotis
478 1307 656 1372 praesepibus
668 1311 717 1356 aut
726 1306 802 1357 mala
811 1311 892 1356 tactu

180 1374 284 1440 Vipera
294 1374 418 1437 delituit,
429 1375 594 1442 coelumque
605 1378 739 1426 exterrita
749 1375 837 1442 sugit3

180 1444 236 1494 Aut
244 1447 319 1495 tecto
331 1445 463 1496 adsuetus
474 1444 588 1495 coluber
597 1445 747 1496 succedere
758 1449 787 1495 et
796 1443 923 1505 umbrae,

113 1558 119 1565 .
181 1510 272 1563 Pestis
283 1514 384 1564 acerba
392 1514 491 1575 boum,
503 1514 652 1580 pecorique
661 1512 829 1580 adspergere
839 1514 927 1572 virus,

121 1581 173 1634 iao
182 1580 931 1649 Fovithumumcapesaxamanu,caperobora,pastor

99 1660 102 1667 ·
181 1650 397 1717 'l'ollentemque
407 1652 496 1701 minas
507 1656 535 1701 et
545 1650 626 1701 sibila
637 1651 710 1702 colla
720 1656 876 1702 tumentem

181 1717 289 1770 Deiice.
308 1720 420 1786 lamque
432 1718 498 1786 iuga
507 1721 635 1770 timidum
646 1725 729 1786 caput
736 1721 848 1772 abdidit
859 1720 926 1781 alte,

182 1786 274 1847 Quum
284 1788 368 1838 medii
379 1803 467 1839 nexus
477 1792 675 1855 extremaeque
686 1791 797 1856 agmina
808 1789 916 1840 caudae

183 1853 350 1916 Solvuntur,
361 1856 512 1922 tardosque
522 1856 610 1911 trahit
620 1859 697 1908 sinus
707 1858 824 1909 ultimus
836 1859 929 1909 orbes.

122 1921 173 1976 425
182 1923 233 1974 Est
243 1925 328 1974 etiam
338 1922 388 1974 ille
399 1923 490 1973 malus
501 1923 626 1976 Calabris
637 1928 666 1976 in
677 1927 794 1979 saltibus
805 1928 915 1995 anguis,

77 1998 81 2010 ·
183 1990 322 2058 squamea
332 1991 497 2042 convolvens
508 1992 618 2044 sublato
628 2002 740 2060 pectore
751 2002 840 2064 terga,

66 2080 102 2129 ,ι’
142 2106 146 2112 ,
181 2061 274 2126 Atque
284 2061 358 2110 notis
367 2060 479 2126 longam
489 2062 646 2114 maculosus
657 2066 808 2132 grandibus
819 2065 927 2115 alvum:

59 2126 64 2135 '
121 2146 134 2157 ·
183 2128 238 2190 Qui
249 2128 315 2178 dum
326 2142 421 2179 amnes
431 2129 484 2179 ulli
494 2139 661 2198 rumpuntur
673 2135 809 2198 fontibus,
819 2140 849 2187 et
858 2135 925 2186 duhr

182 2195 257 2249 Vere
266 2196 380 2247 madent
390 2197 446 2248 udo
456 2202 550 2252 terrae
561 2215 593 2252 ac
604 2202 769 2268 pluvialibus
780 2205 894 2267 austris,
919 2218 926 2226 ’

123 2267 175 2323 450
184 2263 376 2333 Stagnacolit3
386 2268 509 2335 ripisque
520 2267 657 2334 habitans,
669 2270 713 2324 hic
723 2274 845 2338 piscibus
852 2278 931 2325 atrau

183 2334 328 2400 lmprobus
339 2335 488 2403 ingluviem
498 2340 628 2407 ranisque
640 2341 802 2408 loquacibus
813 2344 916 2409 explet.

182 2402 336 2473 Postquam
347 2411 446 2457 exusta
456 2407 550 2474 palus,
561 2415 708 2478 terraeque
718 2412 819 2464 ardore
830 2412 922 2479 dehis-

597 2485 672 2543 cunt,
815 2538 818 2544 ¹
833 2493 836 2497 ’

183 2542 285 2596 Exsilit
294 2544 323 2594 ln
333 2545 449 2607 siccum,
461 2550 490 2596 et
499 2544 672 2600 flammantia
681 2548 787 2600 lumina
797 2556 931 2618 torquens

183 2610 278 2666 Saevit
287 2616 374 2682 agris,
390 2630 526 2682 asperque
536 2618 583 2667 siti
593 2623 676 2686 atque
688 2621 840 2671 exterritus
852 2621 931 2674 aestu

44 2747 52 2765 Ι
123 2678 225 2755 idiNe
235 2682 302 2736 mihi
312 2689 373 2736 tum
382 2683 484 2738 molles
504 2685 630 2740 subdivo
642 2702 756 2758 carpere
767 2704 892 2758 somnos,
