1882 3052
206 132 259 187 272
286 110 295 175 .“
367 90 605 185 ermelini
622 125 813 183 uenenis

207 222 330 298 Arduus,
340 249 418 286 arma
426 241 538 303 tenens3
555 249 609 286 non
619 239 648 286 te
658 233 775 284 rationis
786 240 908 299 egentem

148 316 199 369 son
208 304 352 356 Lernaeus
363 305 445 355 turba
451 306 575 370 capitum
585 303 769 354 circumstetit
780 303 884 368 anguis.

210 373 303 437 Salve,
313 388 379 425 vera
389 374 460 443 lovis
471 372 578 438 proles,
589 373 673 424 decus
685 371 780 423 addite
790 370 882 421 Divis:

207 443 245 495 Et
254 456 317 508 nos,
327 447 356 494 et
365 447 414 492 tua
424 442 522 492 dexter
531 440 576 491 adi
588 442 658 508 pede
668 455 749 491 saera
760 438 890 490 seeundo.

209 512 291 564 Talia
301 512 467 562 carminibus
477 508 629 561 celebrant:
646 524 730 575 super
740 510 838 559 omnia
848 507 904 559 Caci

210 580 376 645 Speluncam
387 580 529 640 adiiciunt,
539 580 746 645 spirantemque
751 577 937 651 ignibusipsun

148 655 199 708 505
210 651 351 700 Consonat
356 646 815 714 omnenemusstrepitu‚collesque
820 646 937 699 resultari·

242 718 313 767 Exin
325 733 354 768 se
365 719 458 768 cuncti
468 718 566 769 divinis
575 718 658 768 rebus
667 715 813 768 adurbem

208 785 343 837 Perfeetis
353 784 489 837 referunt.
509 787 569 838 lbat
578 801 629 837 rex
638 785 746 836 obsitus
757 800 836 847 aero,

206 857 244 906 Et
253 856 382 905 comitem
391 856 504 906 Aenean
513 857 593 906 iuxta
603 859 755 921 natumque
765 855 881 906 tenebat
925 856 928 861 '

207 923 383 990 Ingrediens,
392 925 526 991 varioque
537 927 609 974 viam
620 921 749 974 s'ermone
759 922 878 975 levabat

147 990 197 1043 διο
207 993 343 1055 Miratur,
355 991 505 1058 facilesque
517 993 614 1044 oeulos
625 991 681 1042 fert
692 994 787 1043 omnia
796 995 899 1044 circum

166 1076 169 1081 ·
207 1063 324 1122 Aeneas,
336 1062 592 1126 capiturqueloeis3
608 1065 636 1111 et
645 1060 756 1128 singula
766 1061 860 1114 laetus

206 1131 389 1196 Exquiritque
400 1129 532 1196 auditque
541 1132 631 1179 virum
641 1137 825 1182 monumenta
835 1131 937 1197 priores

207 1200 279 1250 Tum
289 1212 339 1248 rex
348 1196 492 1247 Evandrus
503 1199 644 1250 Romanae
655 1198 785 1249 eonditor
795 1201 878 1252 arcis:
927 1194 931 1205 “

206 1268 284 1319 Haec
294 1281 408 1319 nemora
418 1266 565 1334 indigenae
575 1267 664 1318 Fauni
676 1266 877 1338 Nymphaeque
884 1272 937 1319 tem

620 1337 697 1398 bant,
931 1340 934 1345 '

149 1400 198 1453 515
207 1405 337 1473 (iensque
348 1407 436 1457 virum
448 1407 554 1457 truncis
564 1410 592 1457 et
603 1406 672 1457 duro
682 1405 788 1461 robore
799 1411 876 1459 nata:

207 1474 274 1538 Quis
287 1490 376 1543 neque
386 1490 447 1526 mos
458 1490 547 1543 neque
558 1474 650 1526 cultus
660 1481 735 1540 erat;
752 1492 808 1529 nee
818 1478 930 1544 iungere

620 1550 728 1607 tauros,

205 1617 260 1665 Ant
270 1628 435 1679 componere
445 1628 511 1679 opes
521 1617 635 1674 norant,
646 1619 695 1664 aut
702 1628 825 1679 parcere
834 1619 927 1682 parto:

207 1681 262 1733 Sed
272 1684 341 1733 rami
353 1688 437 1749 atque
449 1697 529 1747 asper
539 1684 610 1732 rictu
621 1689 737 1733 renatus
749 1684 854 1736 alebat.

208 1750 317 1802 Primus
327 1753 360 1802 ab
372 1750 496 1804 aetherio
506 1752 582 1803 venit
592 1749 728 1802 Saturnus
738 1754 875 1820 Olympo,

146 1825 196 1875 320
208 1821 291 1870 Arma
301 1822 372 1872 lovis
382 1819 503 1888 fugiens,
515 1826 543 1872 et
553 1822 645 1887 regnis
657 1821 737 1872 exsul
747 1824 882 1875 ademtis:

125 1900 131 1924 ¹
207 1890 232 1939 ls
242 1903 329 1954 genus
338 1889 459 1942 indocile
471 1905 503 1940 ac
514 1890 667 1956 dispersum
679 1893 824 1944 montibus
834 1893 900 1944 altis

207 1957 381 2022 Cornposuit,
391 1956 521 2031 legesque
533 1959 621 2020 dedit,
632 1959 803 2028 Latiumque
812 1962 906 2014 vocari

206 2024 320 2087 Maluit,
332 2025 373 2075 bis
385 2028 514 2093 quoniam
525 2027 654 2080 latuisset
664 2034 742 2080 tutus
753 2033 783 2081 in
795 2034 863 2084 oris.

144 2124 152 2145 s
207 2097 297 2146 Aurea
307 2109 376 2159 quae
387 2094 545 2160 perbibent,
555 2098 605 2149 illo
616 2099 665 2150 sub
677 2114 743 2165 rege
754 2098 874 2152 fuerunt

147 2165 197 2216 325
207 2161 336 2224 Saecula3
352 2165 392 2213 sie
402 2163 512 2228 placida
522 2167 640 2233 populos
650 2172 678 2217 in
690 2184 757 2233 paee
770 2171 896 2238 regebat.

207 2232 338 2282 Deterior
348 2231 438 2284 donee
448 2234 594 2298 paullatim
607 2253 639 2288 ac
650 2237 765 2288 decolor
777 2248 867 2303 aetas,

205 2301 242 2352 Et
250 2300 318 2351 belli
328 2301 433 2363 rabies,
444 2308 472 2352 et
483 2318 561 2355 amor
570 2308 702 2357 suecessit
712 2305 844 2359 habendi.

205 2371 278 2420 Tum
288 2384 385 2420 monus
395 2373 517 2424 Ausonia
528 2379 556 2423 et
566 2382 663 2442 gentes
673 2391 776 2428 venere
787 2376 913 2441 Sicaua03

204 2438 321 2505 Saepius
332 2445 361 2490 et
372 2452 472 2492 nomen
482 2445 576 2508 posuit
586 2443 716 2495 Saturnia
725 2438 822 2499 tellus.

146 2507 195 2559 530
204 2510 275 2560 Tum
287 2524 378 2576 reges,
388 2526 523 2579 asperque
533 2514 644 2565 immani
657 2524 775 2580 corpore
787 2515 915 2585 Thybris:

203 2581 226 2631 A
237 2594 291 2646 quo
301 2584 364 2645 post
374 2581 437 2632 ltali
448 2580 562 2634 flurium
572 2585 734 2651 cognomine
745 2584 883 2652 Thybrim

204 2648 343 2715 Diximus3
358 2653 451 2704 amisit
460 2667 556 2707 verum
566 2660 645 2706 vetus
654 2653 756 2714 Albula
768 2671 878 2709 nomen.
