1882 3052
191 56 393 114 CV'LEX.
622 64 673 118 395

94 178 175 214 craeo
185 169 281 230 pastor
291 166 343 216 sibi
354 166 470 232 quisque
481 165 580 232 poetae
681 173 714 234 qb

92 233 165 282 acido
175 234 299 284 traducit
308 240 420 299 pectore
432 234 525 286 vitam.

93 302 177 351 tudiis
187 302 287 352 baculo
298 303 363 353 dum
374 304 456 352 nixus
466 307 576 369 apricas

92 385 184 431 curas,
195 377 224 422 et
234 371 299 421 dum
310 386 366 422 non
376 378 436 421 arte
447 387 550 424 canora

92 438 189 489 blitum
200 440 362 490 modulatur
371 441 506 492 arundine
518 457 644 506 carmena

92 514 165 559 entus
175 509 268 558 radias
279 509 449 573 Hyperionis
459 510 552 573 ardor,
684 521 731 557 roa

92 575 216 628 rethereb
228 579 306 642 ponit
316 577 474 628 discrimina
485 579 597 642 mundo,

92 661 200 696 :eanum
212 645 336 696 flammas
346 647 374 695 in
386 651 534 714 utrumque
549 662 671 714 rapaces.
719 644 724 651 ’

94 715 243 779 mpellente
254 723 338 782 vagae
350 719 459 780 pastore
470 716 596 782 capellae

92 785 150 833 ‚ntis
160 784 293 848 repebant
302 783 337 835 ad
347 784 418 835 vada
426 784 566 850 lymphae,

92 851 222 902 *viridem
233 852 393 919 residebant
402 852 514 903 caerula
524 867 658 905 museum.
685 849 731 900 105

96 935 211 987 operum
222 925 315 987 partes
325 926 435 972 eventus
446 927 508 972 erat
517 919 575 983 Sui,

103 996 198 1056 pastor
209 989 328 1055 pecudes
340 989 457 1056 cogebat
466 990 494 1040 in
506 990 631 1053 umbram
727 994 745 1066 J

92 1058 265 1125 {spexit-luco
277 1058 519 1121 residereairenti,

91 1135 152 1179 tuo:
168 1142 224 1193 quo
234 1127 372 1194 quandam
382 1129 455 1179 vieta
466 1127 562 1180 furore

92 1198 165 1247 iiam
176 1196 286 1263 fugiens
298 1196 424 1247 Cadmeis
433 1192 526 1264 Agave

92 1267 189 1317 tieratu
199 1280 298 1316 manus
308 1281 324 1316 e
335 1265 419 1316 caede
431 1270 559 1318 cruenta:

92 1333 245 1387 abacchata
254 1335 328 1400 iugis
340 1335 473 1400 requievit
482 1335 510 1384 in
521 1339 612 1385 antro.

92 1417 181 1455 renam
192 1404 269 1469 gnati
279 1417 309 1453 se
319 1408 409 1454 morte
421 1402 436 1453 s
436 1407 554 1454 uturum.

92 1474 150 1523 iridi
161 1473 289 1522 ludentes
300 1470 389 1522 Panes
395 1471 428 1521 in
438 1470 532 1533 herba,

93 1541 248 1607 ryadesque
259 1537 359 1589 choros
371 1553 453 1606 egere
462 1539 574 1605 puellae
667 1543 668 1547 ’
686 1534 691 1544 “

94 1615 148 1661 etu.
168 1610 290 1660 ‘saritam
301 1622 357 1658 non
367 1607 495 1674 Orpheus
504 1609 630 1660 Hebrum

92 1679 174 1729 enuit
183 1677 251 1742 ripis
260 1676 398 1743 silvasque
409 1677 543 1739 canendo,

98 1747 220 1808 ‚Peneu‚
232 1749 418 1796 remorantem
430 1745 475 1796 dia
485 1744 595 1808 thurea,

92 1821 150 1867 aeto
162 1813 310 1866 fundentes
319 1814 422 1881 gaudia
430 1813 517 1875 vultu,
535 1823 543 1851 ¹

92 1891 152 1936 tura
161 1885 274 1935 donnum
284 1887 433 1935 resonante
444 1896 557 1933 susurra

104 1959 132 2006 et
143 1953 217 2004 dulei
229 1952 316 2004 fessas
327 1951 471 2004 refovebat
481 1952 509 2001 in
520 1951 627 2004 umbra.

92 2040 113 2073 m
125 2038 213 2088 prona
223 2023 374 2088 surgebant
383 2021 456 2072 valle
467 2025 596 2086 patentes

92 2107 169 2144 anus:
184 2094 257 2141 inter
268 2105 337 2157 quas
347 2092 431 2156 impia
439 2090 523 2153 lotos,

104 2163 193 2211 socios
204 2157 291 2212 ithaci
303 2160 452 2210 maerentis
461 2156 564 2225 abegit,

92 2247 107 2280 n
118 2232 203 2280 nimia
214 2230 304 2279 tenuit
315 2228 462 2280 dulcedine
473 2233 579 2294 captos.

93 2300 182 2366 nsigni
193 2313 276 2349 curru
287 2297 428 2363 proiectus
439 2309 574 2365 equorum
636 2297 639 2300 ’
657 2329 661 2335 -

92 2366 567 2427 'hatthonluctumutareratartur,

92 2439 161 2488 neris
171 2437 316 2502 amplexae
326 2434 439 2487 brachia
449 2433 555 2486 truncia

92 2506 203 2558 rdebant
212 2507 296 2557 tentis
306 2503 443 2556 velamina
452 2504 545 2556 ramis.

92 2577 126 2631 :ui
135 2573 569 2646 Dernopbaonaet'emarelimii
686 2575 733 2626 130

633 2884 646 2895 -
735 2675 834 2946 :3
