1882 3052
141 158 194 212 roo
298 119 532 211 numerari
554 115 747 209 minorue

142 263 235 325 Ibant,
246 268 274 314 et
283 260 461 329 Turnoregis
470 274 604 329 responsa
614 259 750 323 ferebant,

84 333 133 400 570
143 334 323 394 Tercentum,
334 335 433 382 scutati
443 345 553 393 omncs,
563 329 713 383 Volscente
723 329 850 398 magistro

143 402 255 470 lamque
264 401 484 468 propinquabant
493 401 605 462 castris,
618 413 756 466 muroque
767 401 850 450 subiba

144 472 234 532 Quum
244 470 339 537 procul
349 468 399 521 hos
409 469 487 521 laevo
497 468 641 521 flectentes
652 468 850 520 limite‘oernun

143 542 180 591 Et
190 540 271 608 galea
281 539 435 607 Euryalum
445 538 578 590 sublustri
588 539 677 589 noctis
685 539 719 589 in
728 538 826 590 umbra

143 608 269 660 Prodidit
278 607 630 676 immemorem‚radiisque
639 608 760 659 adversa
768 607 850 659 refuls

84 677 132 741 575
142 679 226 729 Haud
236 684 342 730 temere
350 683 396 730 est
407 679 502 730 visum.
522 677 685 799 Copullemot
696 677 732 729 ab
743 678 848 747 agmine

510 770 518 781 α
585 760 707 798 oscens:
790 778 796 783 -

143 814 220 867 State
231 815 296 878 riri;
311 831 383 883 quac
393 832 491 868 caussa
499 814 579 867 viaet
594 816 675 883 quire
685 816 756 866 estis
767 817 795 865 in
805 828 850 866 ars

143 885 237 946 Quoue
247 886 348 936 tenetis
359 885 431 938 iterl
444 884 520 938 Nihil
530 885 571 935 illi
581 883 698 936 tendere
710 891 819 947 contra;

143 951 197 1004 Sed
207 954 329 1006 celerare
339 953 433 1023 fugam
443 957 472 1006 in
482 955 580 1016 silvas,
590 958 618 1005 et
628 953 716 1004 fidere
727 954 808 1004 nocti.

143 1023 308 1075 Obiiciunto
327 1025 398 1075 uites
408 1039 470 1075 sese
481 1024 516 1074 ad
528 1018 646 1073 divortia
656 1027 726 1073 nota

82 1092 135 1147 580
142 1092 215 1144 Hinc
224 1039 391 1162 atqucffrinc,
402 1107 567 1160 omnemque
578 1091 684 1211 abptum
695 1091 811 1143 custode
819 1102 850 1142 eo

557 1176 612 1211 nan

144 1227 292 1292 Silva-luit,
302 1229 359 1282 late
370 1229 460 1281 dumis
471 1233 555 1296 atque
565 1230 627 1280 ilice
637 1229 718 1297 nigra

142 1298 276 1360 Horrida,
286 1314 368 1366 quam
379 1300 458 1351 densi
467 1299 640 1364 wnrplerant
648 1299 772 1367 undique
782 1305 850 1350 sente

143 1369 217 1419 Rara
227 1383 275 1435 per
285 1368 408 1420 occultos
417 1368 529 1420 lucebat
538 1369 638 1419 semita
643 1367 739 1419 calles.

142 1438 297 1504 Euryalum
307 1438 439 1490 tenebrae
449 1451 588 1488 ramorum
600 1450 776 1504 onerosaque
787 1450 850 1502 praet

84 1510 135 1562 585
143 1507 311 1572 Impediunt,
322 1505 448 1575 fallitque
457 1507 541 1557 timor
550 1506 663 1572 regione
673 1506 793 1557 siarum.

143 1575 226 1626 Nisus
236 1577 307 1628 abit:
322 1576 432 1643 iamque
442 1574 600 1639 imprudens
611 1581 742 1625 eraserat
751 1574 847 1634 hostes,

143 1646 231 1711 Atque
241 1645 332 1707 lacus3
348 1646 394 1712 qui
404 1649 467 1710 post
475 1643 562 1694 Albae
574 1643 608 1693 de
619 1644 731 1694 nomine
743 1645 810 1694 dicti

142 1713 254 1764 Albani:
270 1719 328 1765 tum
339 1727 389 1764 rex
399 1711 508 1763 stabula
519 1712 577 1761 alta
587 1712 705 1763 Latinus
718 1712 843 1765 habebat.

143 1780 180 1831 Vt
189 1784 280 1844 stetit,
291 1789 319 1834 et
329 1781 433 1832 frustra
443 1782 585 1832 absentem
594 1782 718 1846 respexit
729 1779 850 1833 amicum:

74 1853 135 1918 ,590
142 1850 279 1916 Euryale,
288 1850 386 1902 infelix
396 1865 451 1918 qua
460 1856 489 1903 te
498 1850 610 1917 regione
620 1848 739 1918 reliquit

142 1918 237 1979 Quave
247 1918 366 1987 sequart
380 1921 485 1972 Rursus
494 1918 656 1986 perplexum
666 1920 721 1971 iter
731 1934 814 1972 omne
823 1935 850 1969 re

556 1988 670 2040 volvens

141 2055 259 2105 Faliscis
269 2056 368 2120 silvae,
376 2056 460 2107 simul
472 2063 501 2109 et
510 2058 627 2124 vestigia
637 2063 713 2109 retro

142 2125 294 2174 Observata
304 2125 385 2192 legit,
396 2126 540 2193 dumisque
551 2128 696 2178 silentibus
707 2135 792 2179 errat.

141 2193 223 2242 Audit
233 2206 331 2259 equos,
343 2194 421 2244 audit
431 2197 561 2260 strepitus
573 2201 601 2247 ct
610 2197 690 2264 signa
699 2203 849 2264 sequentur

83 2267 131 2337 595
141 2260 199 2313 Nec
208 2261 321 2328 longum
330 2263 359 2313 in
369 2263 461 2316 rnedm
472 2269 593 2330 tempus:
610 2282 694 2333 quum
705 2267 811 2318 clamor
820 2265 850 2316 ad

554 2349 635 2386 aures

124 2382 128 2387 ³
142 2399 282 2462 Pervenit,
293 2414 326 2451 ac
335 2400 408 2452 ridet
417 2401 585 2467 Euryalum3
602 2419 683 2487 qpem
693 2405 750 2456 iam
761 2419 850 2457 manns

89 2521 92 2529 ¹
140 2537 248 2590 Fraude
259 2537 312 2591 loci
322 2544 352 2592 et
361 2542 463 2603 noctis,
473 2486 707 2596 subitdltldldlbsante
718 2529 842 2606 tumultu,

141 2609 306 2674 Oppressum
316 2612 400 2676 rapit,
412 2620 441 2663 et
450 2618 593 2663 conantem
604 2612 725 2678 plurima
735 2615 840 2666 frustra

141 2678 212 2738 Quid
223 2677 324 2732 saciati
339 2697 392 2750 qua
402 2682 429 2735 ri
437 2682 563 2735 iuvenem
567 2719 577 2746 ,
592 2683 695 2750 quibus
703 2685 805 2738 audeat
813 2697 850 2734 err
