1882 3052
200 197 249 252 rao
352 197 382 249 r.
400 195 584 251 maaian
607 169 799 249 maronis
829 221 833 226 ,

195 300 336 364 haeserit,
348 307 377 352 et
386 306 465 368 tergo
476 299 640 351 sceleratam
649 301 794 351 intorserit
803 296 918 350 hastam.

195 369 361 423 Ducendum
372 371 408 421 ud
418 369 497 420 sedes
507 368 697 433 simulacrum,
705 368 870 435 orandaque
878 367 937 418 dira

195 438 317 491 Numina
327 439 508 490 conclamant

196 507 352 559 Dividimus
362 521 469 568 muros,
481 512 509 557 et
518 508 629 558 moenia
639 506 786 572 pandimus
794 506 887 569 urbis;
917 510 937 539 Ν

137 580 187 633 235
196 578 350 643 Accingunt
360 590 456 627 omncs
467 579 557 638 operi,
568 577 740 643 pedibusque
750 580 879 626 rotarum

197 644 354 696 subiiciunt
363 644 471 710 lapsus,
482 650 511 696 et
521 651 640 711 stuppea
649 645 762 695 uincula
772 644 848 695 collo
925 654 937 675 ··

195 714 360 767 intendunt:
376 714 485 764 scandit
496 712 729 764 fatalismachina
739 728 846 776 muros,
934 773 937 787 Ι

95 791 100 799 ’
195 781 266 834 Feta
276 783 372 832 armis:
389 784 468 850 pueri
480 784 583 834 circum
593 784 781 850 innuptaeque
791 781 903 848 puellae

197 850 282 902 Sacra
288 857 399 915 canunt,
410 851 647 920 funemquemanu
654 853 816 918 contingere
821 851 937 918 gaudent

138 921 188 974 240
195 920 249 973 llla
259 922 347 984 subit,
357 922 520 988 mediaeque
531 923 637 972 minans
648 920 775 972 illabitur
785 921 857 971 urbi.

197 991 221 1041 0
232 991 336 1056 patria,
348 1005 364 1040 0
376 991 468 1040 dimlm
479 991 577 1041 domus
588 991 683 1053 Ilium,
694 995 723 1041 et
732 989 840 1040 incluta
849 988 923 1041 hello

196 1059 519 1112 MoeniaDardanidum!
531 1065 629 1128 quater
639 1062 700 1124 ipso
711 1060 740 1108 in
749 1059 848 1111 limine
859 1062 937 1124 porti

197 1127 335 1190 Substitit,
346 1134 429 1196 atque
440 1131 647 1180 uterosonitum
653 1133 751 1195 quater
761 1142 842 1178 arma
847 1127 937 1179 dedali

195 1198 335 1249 lnstamus
345 1203 438 1249 tamen
449 1200 625 1249 immemores
636 1198 766 1264 caecique
777 1196 884 1260 surore,

94 1274 100 1285 '
138 1263 188 1318 245
196 1267 234 1317 Et
243 1272 398 1316 monstrum
408 1266 505 1317 infelix
515 1272 625 1317 sacrata
635 1267 757 1316 sistimus
769 1279 842 1316 arce.
927 1270 936 1297 ¹

197 1338 276 1387 Tunc
287 1338 370 1386 etiam
382 1334 447 1386 latis
457 1337 548 1401 aperit
559 1333 714 1386 Cassandra
725 1333 830 1383 suturis

197 1405 268 1466 Ora,
279 1405 323 1456 dei
333 1407 411 1455 iussu
422 1418 478 1454 non
488 1417 610 1470 unquam
620 1403 727 1454 credita
737 1405 866 1454 Teucris.

196 1473 255 1525 Nos
266 1473 383 1525 delubra
393 1473 475 1524 deum
486 1474 592 1534 miseri,
603 1473 702 1540 quibus
713 1471 831 1523 ultimus
843 1479 917 1525 esset

195 1542 248 1594 llle
259 1543 331 1605 dies,
342 1542 414 1594 festa
424 1541 548 1595 velamus
558 1540 657 1592 fronde
668 1555 719 1606 per
727 1543 835 1593 urbem.
930 1574 934 1581 -

43 1608 52 1621 ’“
80 1632 83 1639 ·
136 1608 188 1660 250
197 1611 325 1664 Vertitur
334 1613 443 1663 interea
453 1611 614 1673 eoelum,ct
623 1611 681 1660 ruit
691 1624 796 1661 oceano
807 1610 882 1674 Nox,
909 1598 913 1607 ’

194 1681 341 1732 Involvens
351 1682 450 1731 umbra
460 1694 560 1746 magna
570 1683 729 1746 terramque
740 1678 903 1747 polumque,

194 1748 458 1816 Myrmidonumque
469 1749 561 1811 dolos3
577 1747 632 1798 fusi
641 1763 692 1814 per
701 1749 812 1799 moenia
823 1748 927 1801 Teucri

195 1817 373 1880 Conticuere3
388 1831 473 1882 sopor
483 1815 571 1867 fessos
582 1817 776 1881 complectitur
786 1825 875 1869 artus.
932 1878 937 1887 ι

228 1884 330 1934 Etiam
340 1886 440 1950 Argiva
450 1883 571 1948 phalanx
582 1887 724 1936 instructis
734 1887 853 1938 navibus
863 1888 923 1939 ibat

133 1959 183 2014 255
193 1952 216 2004 Α
227 1951 354 2014 Tenedo,
365 1953 467 2003 tacitae
479 1966 528 2017 pcr
539 1955 628 2003 amica
638 1954 749 2005 silentia
759 1954 854 2019 lunae,

135 2040 146 2061 ι
192 2019 291 2070 Litora
300 2025 368 2070 nota
378 2025 476 2085 petens
482 2037 489 2082 ς
504 2019 629 2073 llammas
640 2038 723 2089 quum
734 2025 813 2091 regia
823 2027 925 2093 puppis

190 2087 351 2151 Extulerat,
362 2088 483 2155 satisque
494 2089 576 2140 deum
586 2090 718 2143 defensus
728 2094 841 2161 iniquis,

190 2156 316 2207 inclusos
326 2162 409 2208 utero
420 2157 534 2209 Danaos
546 2164 574 2209 et
584 2162 666 2226 pinea
676 2160 773 2214 furtim

189 2224 281 2276 Laxat
292 2225 414 2277 claustra
425 2225 519 2278 Sinon.
539 2228 607 2280 illos
617 2230 774 2295 patefactus
784 2232 821 2284 ad
832 2246 917 2284 auras

132 2298 182 2350 260
189 2293 291 2344 Reddit
301 2310 400 2362 equus,
412 2297 534 2365 laetique
544 2313 612 2350 cavo
623 2314 653 2350 se
662 2301 765 2353 robore
775 2308 914 2368 promunt

189 2361 382 2414 Thessandrus
392 2363 595 2434 Sthenelusque
605 2367 702 2432 ducos,
714 2376 742 2422 et
751 2370 831 2422 dirus
841 2371 937 2424 Vlixes

127 2472 131 2480 ,
187 2431 346 2484 Demissum
356 2432 590 2501 lupsiperhmem,
600 2441 779 2508 Acamasque,
789 2438 937 2509 Thoasqut

188 2500 352 2569 Pelidesque
362 2502 576 2570 Neoptolemus,
607 2509 749 2576 rimasque
759 2508 912 2574 Machaon,

188 2569 226 2622 Et
235 2569 393 2635 Menelaus,
404 2579 432 2623 et
441 2574 501 2640 ipse
511 2576 569 2628 doli
580 2522 730 2630 {bricstan
739 2579 842 2646 Epeos.

129 2641 180 2697 265
188 2640 324 2692 Invadunt
333 2642 431 2693 urbem
441 2657 538 2697 somno
549 2646 669 2715 vinoque
679 2649 833 2714 sepultam3
874 2649 879 2657 '

190 2709 350 2765 Caeduntur
360 2712 470 2781 vigiles,
480 2717 624 2784 portisque
633 2716 794 2785 patentibus
805 2732 905 2774 omnes
