1882 3052
201 156 205 169 ¹
240 147 490 204 GEORGICON
511 145 591 206 Llu.
609 152 665 207 lll.
793 154 829 207 67

61 255 114 307 Aut
123 253 185 304 aris
196 267 312 305 servare
321 267 429 316 sacros,
440 259 489 305 aut
498 254 626 306 scindere
635 260 749 317 terram,
840 263 886 314 160

61 323 95 374 Et
104 337 241 389 campum
251 320 413 375 horrentem
424 322 520 376 fractis
530 326 671 376 invertere
681 324 781 392 glebis:

28 398 33 405 '
62 393 161 445 Cetera
173 396 332 459 pascuntur
342 392 444 443 virides
454 398 582 445 armenta
592 409 642 460 per
652 393 760 446 herbas.

61 462 101 513 'i'u
106 477 183 530 quos
189 460 226 512 ad
233 461 358 512 studium
364 465 532 529 atqueusum
539 462 672 515 formabis
678 467 826 530 agrestem,

61 532 114 582 lam
124 530 237 581 vitulos
248 528 376 593 hortare,
387 535 513 598 viamque
523 533 621 585 insiste
633 532 774 595 domandi,

61 599 133 651 lium
144 599 251 652 faciles
262 600 348 650 animi
357 601 500 662 iuvenum,
510 601 576 653 duni
587 601 698 653 mobilis
709 606 795 654 aetas.
839 605 885 658 165

62 671 235 736 deprimunt
246 668 327 719 laxos
337 671 415 720 tenui
425 669 459 722 dc
470 671 571 722 vimine
582 670 683 721 circlos

63 739 169 790 terrici
180 739 332 800 subuecte3
348 736 459 801 dehinc,
469 740 516 791 ubi
526 739 616 790 libera
626 739 701 791 colla

62 805 184 858 Servitio
196 806 356 870 adsuerint‚
366 808 433 873 ipsis
444 823 459 858 e
470 809 616 875 torquibus
627 812 708 874 aptos

61 876 145 944 lunge
155 890 258 942 pares,
268 880 298 926 ct
307 891 375 942 coge
386 875 504 942 gradum
516 875 644 929 conferre
654 879 798 935 iuvencum

62 947 148 1013 Atque
161 944 222 995 illis
231 946 288 994 iam
300 960 383 1011 saepe
393 951 472 996 rotae
483 944 620 996 ducantur
628 946 726 998 inanes
839 965 886 1016 170

62 1012 114 1065 Per
123 1020 250 1075 terram,
261 1018 291 1064 et
300 1029 407 1065 summo
417 1015 535 1081 vestigia
544 1013 658 1080 pulvere
668 1016 786 1082 signent.

63 1082 127 1135 l‘ost
135 1082 235 1133 valido
246 1083 338 1133 nitens
347 1083 398 1134 sub
408 1082 532 1147 pondere
542 1083 652 1150 faginus
662 1085 722 1133 axis
734 1108 741 1153 q

63 1152 217 1219 instrepat,
230 1155 260 1202 et
269 1152 379 1202 iunctos
389 1155 463 1202 temo
473 1149 569 1202 trahat
579 1167 679 1203 aereus
690 1151 780 1204 orbes.

63 1222 173 1274 interea
185 1221 253 1287 pubi
263 1220 414 1271 indomitae
425 1234 480 1272 nou
490 1222 617 1288 gramina
626 1224 746 1282 tantum,

61 1288 117 1342 Nec
125 1304 230 1342 vescas
241 1288 357 1340 salicum
369 1288 496 1351 frondes,
506 1288 652 1359 ulvamque
664 1289 827 1356 palustrem,
839 1292 885 1357 175

61 1357 114 1411 Sed
124 1358 276 1411 frumenta
285 1372 368 1408 manu
379 1373 476 1423 carpes
487 1364 550 1408 sata
557 1375 563 1421 ;
571 1375 630 1410 ,nec
640 1360 692 1411 tibi
703 1358 787 1419 fetae,

61 1426 141 1481 licre
151 1432 278 1494 patrum,
288 1429 370 1478 nivea
379 1426 534 1492 implebunt
547 1427 709 1479 mulctraria
718 1441 826 1486 vaccae,

61 1497 116 1549 Sed
125 1502 193 1548 tota
202 1497 232 1546 in
246 1494 341 1548 dulces
352 1503 516 1547 consument
526 1498 613 1548 ubera
623 1502 713 1548 natos.

94 1565 145 1618 Sin
156 1565 196 1616 ad
206 1564 283 1617 bella
294 1566 382 1632 magis
392 1564 525 1627 studium,
536 1571 698 1634 turmasque
710 1565 827 1626 feroces,

62 1635 114 1687 dut
122 1632 238 1700 Alphea
248 1635 318 1684 rotis
328 1633 451 1700 praelabi
464 1634 578 1686 ilumina
588 1635 678 1698 Pisae,
840 1634 886 1685 180

62 1703 97 1754 Et
106 1705 184 1756 lovis
192 1703 223 1754 in
233 1701 298 1754 luco
309 1718 409 1755 currus
420 1704 526 1770 agitare
537 1703 674 1755 volantes:

63 1771 174 1824 Primus
185 1773 253 1840 equi
263 1771 344 1824 labor
354 1777 410 1834 est,
421 1774 527 1823 animos
538 1778 622 1840 atquc
632 1787 712 1823 arma
720 1772 816 1823 videre

62 1840 227 1894 Bellantum
233 1877 242 1904 ,
252 1840 393 1908 lituosque
404 1843 475 1906 pati,
485 1847 633 1908 tractuque
642 1847 800 1908 gementem

63 1910 149 1965 Ferre
158 1917 268 1974 rotam,
279 1915 308 1961 et
317 1910 427 1961 stabulo
438 1909 533 1961 frenos
543 1911 641 1962 audire
651 1915 795 1972 sonantes3

63 1980 133 2032 Tum
149 1980 244 2048 magis
254 1984 338 2046 atque
349 1981 437 2046 magis
446 1978 555 2030 blandis
565 1978 688 2047 gaudere
699 1979 826 2046 magistri
839 1979 885 2032 185

64 2048 222 2113 Laudibus,
233 2055 263 2100 et
272 2048 386 2115 plausae
396 2049 517 2099 sonitum
528 2050 642 2100 cervicis
653 2063 756 2100 amare.

64 2121 152 2188 Atque
162 2117 301 2170 bacciam
312 2118 401 2182 primo
413 2117 544 2183 depulsus
555 2119 589 2170 ab
599 2119 684 2170 ubere
694 2121 792 2168 matris

64 2190 185 2250 Audeat,
196 2188 282 2254 inque
292 2189 380 2238 vicem
391 2186 438 2238 det
449 2186 579 2238 mollibus
589 2201 639 2237 ora
650 2189 778 2253 capistris

65 2257 220 2320 invalidus,
232 2259 370 2323 etiamque
380 2260 515 2319 tremens,
526 2257 609 2308 etiam
620 2256 724 2306 inscius
735 2257 804 2307 aevi.

64 2328 109 2390 it,
117 2328 213 2378 tribus
225 2327 331 2378 exactis
342 2326 388 2377 ubi
400 2330 500 2393 quarta
510 2326 660 2377 accesserit
670 2330 772 2386 aestas,
837 2348 885 2400 ¹9⁰

65 2396 188 2464 Carpere
198 2409 264 2448 mox
274 2410 376 2462 gyrum
386 2396 514 2460 incipiat,
527 2395 714 2464 gradibusque
724 2409 825 2447 souare

65 2465 248 2533 Compositis,
257 2465 404 2531 sinuetque
415 2464 524 2517 alterna
534 2464 675 2516 volumina
685 2480 809 2525 crurum,

64 2533 161 2603 Sitque
172 2533 313 2586 laboranti
323 2534 435 2597 siuiilis3
450 2538 510 2584 tum
521 2535 647 2586 cursibus
658 2548 751 2594 auras,

63 2604 134 2656 Tum
145 2608 238 2666 vocet,
248 2617 281 2656 ac
291 2618 341 2672 pcr
350 2609 447 2670 aperta
457 2603 562 2666 volans,
568 2603 696 2655 ceuliber
701 2601 825 2665 habenis,

62 2674 192 2745 aequore
218 2673 265 2726 vix
274 2687 382 2726 summa
390 2673 507 2741 vestigia
516 2678 608 2798 ponalq
612 2686 709 2724 arena:
837 2671 884 2738 ¹9⁵

135 2764 140 2771 ·
627 2757 643 2793 a
