1882 3052
127 184 133 188 .
202 144 255 200 aaa
296 140 571 205 armenia
590 136 874 215 naumann,
921 130 938 209 j

202 249 273 300 Tam
284 247 372 314 magis
382 246 431 299 illa
442 236 571 310 fremens,
577 252 605 300 et
610 246 735 299 tristrhus
740 242 855 298 efferati
870 265 900 288 w
938 267 941 312 j

203 318 293 379 Quam
308 317 395 384 magis
405 316 493 368 effuso
504 317 816 382 crudescuntsanguine
827 326 933 383 pugnes.

201 385 237 436 ht
247 384 481 452 laevemelipeum
491 387 609 437 sublatis
619 384 789 436 cornibusle
832 402 840 417 ·

143 466 193 521 790
201 455 277 509 Auro
287 455 447 521 insignibat,
457 457 512 506 iam
525 456 591 507 setis
602 454 703 516 obsita,
713 454 771 503 iam
781 453 841 516 bos,

202 525 402 590 Argumentum
413 526 524 593 ingens,
535 530 565 575 et
575 528 667 575 custos
677 523 794 589 virginis
804 523 897 590 Argus,

203 592 371 659 Caelataque
381 609 489 646 amnem
500 592 619 644 fundens
630 589 838 657 pater-Inachus
850 605 918 642 urna

201 662 360 727 Insequitur
368 663 477 714 nimbus
487 660 813 728 peditum,⁸clipeataqne
823 662 900 710 totis.

77 786 84 799 ‚
155 762 159 768 -
202 730 320 796 Agmina
330 730 481 782 densentur
491 732 606 797 campis,
617 730 775 796 Argivaque
787 730 881 794 pubes,

142 793 193 862 795
202 799 402 866 Auruncaeque
413 816 522 862 manus,
533 799 641 860 Rutuli,
652 803 818 865 veteresque
827 797 919 859 Sicani,

201 866 239 918 Et
248 865 384 918 Sacranae
394 871 480 932 acies,
492 875 520 920 ct
530 870 596 934 picti
606 871 686 918 scuta
695 867 807 918 Labici:

203 936 257 997 Qui
268 935 368 999 saltus,
379 938 524 1001 Tiberine,
532 943 612 1000 tuos,
623 951 788 1003 sacrumque
800 935 906 989 Numici

201 1003 284 1056 Litus
294 1010 386 1068 arant,
397 1006 711 1074 Rutulosque-exercent
719 1020 835 1058 vomere
845 1006 929 1066 celles,

204 1074 402 1140 Circaeumque
412 1077 522 1141 iugum3
537 1078 599 1143 quis
609 1077 716 1141 Iupiter
730 1076 863 1129 Anxurus
872 1075 935 1128 arvis

143 1139 193 1188 800
203 1141 358 1204 Praesidet,
369 1148 397 1193 et
406 1144 487 1194 viridi
497 1144 621 1211 gaudens
632 1144 754 1195 Feronia
764 1143 844 1209 lucc;

202 1211 264 1270 Qua
274 1209 391 1262 Saturae
402 1213 474 1263 iacet
483 1217 544 1264 atra
554 1213 647 1278 palus,
658 1212 827 1280 gelidusque
834 1215 927 1281 perim·

202 1279 318 1340 Quaerit
326 1279 381 1330 iter
390 1280 477 1332 valles
488 1287 572 1349 atque
581 1285 608 1332 in
620 1297 696 1333 mare
708 1283 840 1334 conditur
846 1281 934 1335 erns.

196 1407 200 1416 ¹
237 1348 298 1400 Hos
305 1363 393 1415 super
402 1350 514 1401 advenit
524 1347 624 1403 Volsca
635 1351 669 1403 de
678 1357 763 1418 gente
774 1351 897 1416 Camilla,

201 1418 308 1484 Agmen
319 1433 403 1485 agens
414 1421 538 1486 equitum
548 1427 577 1472 et
587 1420 719 1471 florentes
729 1435 798 1473 aere
803 1428 934 1483 vcateruis,

142 1483 191 1542 805
201 1486 349 1538 Bellatrix:
365 1501 419 1538 nen
431 1489 483 1539 illa
493 1489 555 1541 colo
564 1488 714 1541 calathisve
724 1490 872 1546 Minervae

201 1555 345 1607 Femineas
355 1562 467 1608 assueta
475 1573 585 1620 manus,
596 1557 645 1610 sed
655 1558 764 1623 praelia
772 1560 855 1628 virgo

201 1624 281 1679 Dura
291 1626 361 1691 pati,
373 1641 508 1693 cursuque
519 1627 620 1692 pedum
631 1634 813 1692 praevertere
822 1635 926 1683 ventes.

200 1692 254 1746 llla
263 1693 307 1746 vel
317 1695 438 1746 intactae
449 1698 550 1763 segetis
561 1711 610 1762 per
620 1711 728 1746 summa
738 1699 852 1752 volaret
883 1726 887 1731 ·

202 1761 347 1826 Gramina,
358 1779 409 1815 nec
419 1770 529 1816 teneras
540 1780 624 1816 cursu
633 1765 761 1818 laesisset
772 1770 888 1833 aristas3

141 1828 192 1880 810
200 1829 252 1882 Vel
260 1846 337 1884 mare
347 1848 397 1899 per
407 1834 539 1896 medium,
551 1833 637 1886 fluctu
647 1849 783 1901 suspensa
792 1839 919 1899 tumenti,

198 1898 299 1950 Ferret
308 1902 370 1962 iter,
382 1902 486 1953 celeres
497 1918 548 1954 nec
557 1905 698 1970 tingueret
706 1919 861 1974 aequorep
894 1932 897 1950 ι

197 1966 278 2018 lllarn
289 1970 377 2019 omnis
385 1972 466 2020 tectis
477 1973 605 2039 agrisque
616 1971 705 2024 effusa
714 1975 848 2028 iuventus

198 2035 349 2103 Turbaque
359 2039 477 2089 miratur
487 2045 620 2104 matrum,
630 2047 659 2093 et
668 2049 832 2109 prospectat
841 2057 906 2100 eun·
928 2068 937 2085 r<

197 2103 328 2156 Attonitis
337 2104 447 2157 inhians
457 2109 567 2159 animis:
584 2115 615 2160 ut
625 2113 718 2178 regius
729 2118 810 2166 estro

138 2163 378 2225 ⁸15v01eth0n0s
390 2175 482 2227 laeves
493 2175 635 2242 humeros,
645 2187 677 2230 ut
686 2180 773 2232 fibula
785 2186 893 2237 crinem

196 2241 271 2294 Auro
280 2243 460 2308 internectat,
470 2246 587 2313 Lyciam
597 2254 629 2298 ut
638 2253 784 2316 geratipsa
791 2253 892 2321 pharet

195 2311 233 2364 Et
242 2312 409 2378 pastoralem
419 2317 542 2382 praelixa
552 2318 663 2383 cuspide
674 2326 813 2386 myrtum.

488 2514 653 2530 ...ι-η...
