1882 3052
171 130 175 141 '
225 146 278 199 ssu
372 119 617 195 .r.vmo1mi
638 136 825 193 mauorus

168 249 221 304 555.
228 244 372 301 Consulite
382 245 410 295 io
421 243 556 308 medium,
566 249 595 296 et
605 242 688 296 rebus
698 243 869 299 sueeorritei

262 314 475 377 TumDranoes,
486 314 558 366 idem
569 311 703 375 infensus,
713 324 797 380 quem
802 312 869 380 glot

154 420 163 435 -.
229 385 352 452 obliqua
361 383 465 435 invidia
473 382 647 450 stimulisque
658 382 785 450 agitabat
795 395 869 432 amar

227 455 339 522 Largus
350 467 445 519 opum,
456 456 484 503 et
494 451 589 519 lingua
599 451 713 514 melior,
723 450 773 502 sed
785 449 870 518 frigid

99 573 102 577 .
230 524 368 586 Dextera,
378 520 500 573 consiliis
510 519 620 572 habitus
631 535 686 572 non
698 519 788 570 futilis
799 525 867 572 auct

172 602 222 657 540
231 591 376 644 Seditioae
385 596 498 657 puteus3
513 605 600 658 genus
610 589 673 640 huic
683 594 812 640 materna
822 603 869 655 su1

230 659 371 714 Nobilitas
382 660 479 722 dabat,
489 661 625 711 incertum
636 659 671 710 de
682 663 764 724 patre
775 656 869 710 fereba

231 729 339 796 Surgit,
350 726 432 779 ethis
443 733 542 780 onerat
550 728 631 779 dietis
642 733 725 794 atque
735 729 869 793 aggerat]

230 798 301 865 Rem
310 796 381 847 nulli
393 796 552 861 obscuram,
562 802 676 863 nostrae
687 792 740 848 ule
749 797 827 847 vools
839 810 869 863 eg

231 865 371 928 Consulis,
383 881 400 916 o
410 865 483 918 bone
493 881 552 932 rex.
571 866 670 917 Cuncti
680 880 710 916 se
720 865 792 916 seire
803 863 869 917 fate:

172 939 223 996 545
232 935 306 997 Quid
317 934 432 987 fortuna
442 934 516 988 ferat
525 934 634 1002 populi3
649 933 698 984 sed
709 934 804 985 dicere
815 949 869 984 mm

169 1034 173 1041 ·
230 1004 288 1057 Det
298 1003 458 1067 libertatem
469 1003 559 1065 sandi,
568 1002 706 1069 flatusque
716 1005 856 1066 remittat,

230 1071 316 1122 Culus
326 1070 361 1121 oh
372 1070 526 1191 ausfioium
537 1069 692 1120 infaustum
703 1083 833 1136 moresqe
852 1086 869 1120 s:

194 1152 202 1165 .,
228 1138 339 1203 (mmm
350 1139 414 1204 equi
433 1153 486 1202 em,
496 1138 563 1189 licet
574 1153 653 1188 arma
664 1136 869 1263 mihimortemr

487 1211 491 1217 ·
643 1216 716 1252 mine
731 1216 765 1252 ur

229 1266 350 1322 Lumina
357 1260 403 1320 tot
412 1266 545 1324 cecidisse
556 1268 670 1333 dueum,
681 1275 831 1338 totamque
841 1272 869 1321 ri

114 1358 116 1362 ¹
170 1334 378 1401 &soconsedias
403 1337 502 1389 urbem
513 1337 604 1389 luctu:
620 1339 686 1390 dum
697 1341 785 1391 Troia
794 1344 869 1392 tenta

230 1406 342 1468 eastra,
353 1404 437 1472 fugae
446 1405 548 1470 fidens,
559 1413 588 1459 et
598 1408 707 1459 eoelum
716 1411 835 1461 territat
845 1425 869 1460 ar

228 1474 323 1526 Vnum
334 1474 417 1526 etiam
427 1474 506 1526 donis
516 1477 590 1538 istis,
601 1492 672 1544 quae
683 1476 808 1543 plurima
817 1481 869 1529 mit

228 1542 398 1594 Dardanidis
409 1543 517 1611 dicique
527 1544 620 1608 iubes,
628 1561 727 1608 unum,
738 1549 848 1612 optime
858 1563 869 1599 1

229 1610 363 1676 Adlicias3
377 1627 428 1664 nec
437 1619 466 1665 te
477 1613 561 1664 ullius
571 1614 704 1666 violentia
713 1616 818 1680 vincat,

170 1683 220 1738 555
230 1680 303 1742 Quin
315 1687 409 1733 natam
420 1685 531 1750 egregio
542 1698 645 1800 genero
657 1682 803 1750 dignisque
817 1684 867 1752 hm

228 1748 287 1800 Des
298 1756 392 1816 puter,
402 1756 431 1801 et
440 1766 536 1816 paoem
566 1767 618 1802 ano
628 1757 742 1804 aeterno
755 1753 869 1806 foedere

228 1819 312 1879 Quod
321 1821 345 1868 si
355 1824 452 1869 tantus
462 1818 547 1871 habet
556 1825 662 1871 mentes
673 1825 701 1871 et
710 1828 828 1887 pectora
839 1830 867 1875 te

228 1887 320 1950 losum
332 1887 514 1951 obtestemur,
525 1891 687 1957 veniamque
699 1886 812 1942 oremus
824 1893 859 1943 ab

229 1955 330 2017 Cedat,
341 1955 389 2005 ius
394 1958 538 2022 proprium
550 1959 608 2025 regi
619 1960 782 2026 patriaeque
794 1964 867 2013 remi

170 2026 220 2078 360
229 2023 302 2083 Quid
314 2025 430 2075 miseros
440 2028 524 2077 toties
534 2029 562 2076 iu
574 2032 672 2094 aperta
682 2029 809 2094 pericula
821 2032 869 2082 eiu

227 2091 352 2153 Proiieis,
363 2092 468 2142 oLatio
480 2101 564 2160 caput
574 2094 674 2147 horum
685 2102 714 2148 et
724 2113 826 2150 caussa
837 2115 869 2150 nu

228 2159 315 2213 Nulla
324 2161 400 2211 salus
410 2161 500 2225 bello;
518 2178 613 2229 pacem
624 2170 653 2216 te
663 2168 804 2231 poscimus
816 2182 869 2219 omi

226 2230 334 2291 Turne,
343 2228 425 2280 simul
440 2233 514 2295 pacis
525 2233 616 2283 solum
627 2235 788 2288 inuiolabile
800 2239 868 2306 pigo

226 2296 336 2348 Primus
346 2310 411 2365 ego,
421 2299 538 2351 invisum
548 2317 631 2369 quem
642 2310 674 2356 tu
685 2305 736 2355 tibi
747 2307 845 2372 fingis,
856 2323 869 2359 ε

168 2371 217 2428 555
227 2367 274 2419 Nil
284 2381 390 2430 moror,
401 2382 435 2418 eu
447 2370 565 2435 supplex
574 2374 663 2423 venio.
684 2374 821 2426 Miserere
833 2383 869 2428 tu

227 2437 303 2488 Pone
315 2437 433 2498 animos,
444 2441 473 2488 et
482 2439 576 2503 pulsus
587 2441 640 2491 ahi.
661 2441 710 2494 Sat
721 2443 822 2494 itinera
833 2445 869 2497 sur

227 2503 367 2568 Vidimus,
377 2506 503 2573 ingentes
514 2513 542 2559 et
551 2509 739 2562 desolavimus
750 2529 843 2580 agros.

222 2578 296 2644 Aut,
306 2576 329 2630 si
341 2574 416 2631 fama
423 2583 533 2640 moret,
541 2579 685 2629 situatum
692 2587 807 2642 ueoture
818 2585 868 2635 rob

177 2706 181 2713 .
222 2649 380 2723 concipis,
393 2653 423 2707 at
432 2649 460 2704 si
469 2647 543 2705 odeo
555 2645 751 2708 dotalialoigio
757 2648 836 2695 allidi
843 2663 869 2694 aa
