1882 3052
213 126 429 195 ironicos
451 140 531 195 cin.
550 134 601 196 ιν.
738 143 787 196 co

5 240 157 301 Terribili
168 244 282 295 monitu¹
291 243 461 298 horrificant.
480 247 545 313 Agit
554 248 612 313 ipse
622 245 761 298 furentem
795 253 845 306 455

4 314 42 369 ΙΙ
52 314 174 365 romnis
186 310 264 365 ierus
274 315 393 378 Aeneam
407 329 570 382 semperque
580 315 700 383 relinqui

8 380 82 445 fiola
90 382 168 446 sibi,
178 396 291 449 semper
301 382 414 451 longam
422 385 585 436 incomitata
595 383 706 435 videtur

8 452 56 505 lre
64 454 164 515 viam,
176 457 209 502 et
218 453 321 517 Tyrios
332 452 442 504 deserta
451 467 587 519 quaerere
597 459 685 505 terra:

10 520 213 573 Romenidum
223 519 311 571 veluti
322 521 434 573 demens
444 517 786 589 ridetagminal’entheus,

12 588 153 645 litrolem
158 590 314 656 geminum,
319 589 509 656 etriupliccsse
514 587 786 653 ostendereThebas3
795 597 846 659 ipo

14 660 73 713 Aut
80 659 329 726 Agamemnonius
337 660 426 709 scenis
436 660 555 726 agitatus
565 660 688 721 Orestes,

15 730 168 781 Armatam
181 725 290 777 fecibus
301 732 416 778 matrem
427 733 456 779 et
465 729 639 795 serpentibus
648 728 718 779 utris

17 794 115 859 Quum
126 794 218 863 fugit,
228 794 398 915 ultricesque
408 797 505 848 sedent
515 800 544 847 in
554 797 649 849 limine
659 797 753 848 Dirae.

54 866 136 933 Ergo
146 865 199 915 ubi
210 864 339 929 concepit
361 866 447 927 urias,
458 867 547 918 erieta
557 865 665 928 dolore,

16 930 217 1000 Decrevitque
227 933 312 995 mori,
327 938 437 999 tempus
447 948 540 985 secum
551 935 611 1000 ipsa
619 934 786 1001 modumque
797 931 845 995 475

16 1002 132 1069 higit,
142 1008 191 1063 et,
201 1006 335 1051 moestam
346 1001 427 1052 dictis
438 1017 569 1069 aggressa
579 1016 714 1063 sororem,

28 1068 183 1123 fictilium
193 1068 273 1119 vultu
284 1070 366 1136 tegit,
376 1085 410 1121 ac
419 1085 497 1136 spem
508 1070 600 1123 fronte
610 1074 732 1123 serenat:

26 1138 132 1201 iuveni,
162 1151 293 1199 ormana,
303 1138 387 1201 viam,
397 1144 510 1206 gratare
520 1140 619 1202 sorori,

24 1206 103 1271 Quae
113 1152 187 1257 migbi
196 1205 296 1257 reddat
305 1221 376 1268 eum,
387 1206 431 1258 rei
442 1222 475 1260 eo
487 1224 530 1260 me
540 1208 631 1259 solvat
640 1213 787 1259 ementem.

23 1276 228 1331 becuminem
239 1276 317 1325 iuxta
326 1276 469 1342 solemque
480 1278 622 1329 cedentem
796 1274 847 1326 480

22 1342 147 1413 litiano
156 1342 326 1408 Aethiopum
337 1343 415 1394 iocus
426 1350 480 1407 est,
491 1347 536 1398 ubi
548 1347 684 1395 maximus
693 1343 773 1394 Atlas

24 1414 112 1467 hen
120 1412 243 1465 humero
253 1417 381 1479 torquet,
391 1413 480 1464 stellis
490 1415 651 1466 ardentibus
662 1417 766 1478 aptum.

24 1480 180 1545 ffirnihi
191 1480 333 1546 Massylae
342 1483 433 1547 gentis
442 1489 596 1533 monstrata
606 1480 744 1540 sacerdos,

24 1548 216 1619 Hesperidum
226 1549 322 1615 templi
334 1556 440 1612 custos,
451 1551 604 1618 epulasque
614 1548 728 1601 draconi

16 1644 20 1656 ·
115 1618 216 1681 debut,
227 1622 256 1669 et
265 1632 360 1669 sacros
370 1621 498 1671 servabat
507 1622 535 1669 in
546 1620 646 1670 arbore
656 1629 758 1678 ramos,
797 1617 847 1671 485

18 1618 169 1811 ἕω
181 1684 295 1737 humida
305 1686 389 1739 mella
399 1688 643 1754 soporiferumque
652 1698 779 1751 papaver.

115 1770 146 1809 se
154 1756 326 1809 carminibus
336 1757 475 1822 promittit
484 1755 592 1807 solvere
603 1760 719 1816 mentes,

29 1824 111 1889 Em
117 1824 196 1888 sciit,
205 1829 251 1876 est
261 1824 324 1875 aliis
335 1825 420 1876 duras
430 1827 580 1876 immittere
589 1838 684 1887 cures3

32 1880 137 1945 butero
143 1908 245 1961 equam
255 1892 359 1957 fluviis,
370 1899 399 1946 et
408 1899 517 1947 vertere
528 1893 621 1945 sidere
631 1896 722 1953 rctr03

37 1956 244 2030 tinctumosqne
255 1964 310 2014 ciet
318 1963 552 2030 Manes3mugire
563 1962 667 2014 ridebis
797 1960 846 2024 49⁰

42 2026 787 2097 tripertitusterram,etdescenderemontibusornos.

46 2096 147 2163 lutor,
155 2114 234 2161 cera,
245 2098 326 2161 deos,
336 2105 365 2151 et
375 2104 570 2165 te,germane‚
580 2105 714 2166 tuumque
748 2158 750 2165 Ι

51 2160 124 2219 litlot
131 2171 228 2233 ceput,
238 2169 360 2234 magicas
369 2168 483 2217 invitem
494 2168 632 2234 accingier
641 2168 718 2219 ortis.

55 2230 194 2289 Timete
202 2251 302 2303 pyrum
313 2242 388 2288 tecto
398 2237 532 2288 interiore
542 2238 592 2287 sub
603 2251 686 2288 auras

60 2296 132 2369 ΙΙΙςις
144 2310 173 2357 et
181 2318 260 2357 arma
269 2307 334 2369 riri,
345 2304 468 2359 thalamo
480 2321 551 2372 quae
560 2307 616 2356 iixa
625 2302 741 2423 reliquit
796 2301 846 2365 ipb

64 2364 150 2437 hpu,
159 2374 326 2442 exuviasque
336 2388 444 2436 omnes,
455 2373 613 2442 lectumque
623 2375 689 2442 iugc
700 2386 753 2433 em,

114 2443 415 2511 periimuperimpones.
436 2443 555 2496 Aboiere
565 2442 678 2496 nefandi

152 2510 202 2563 riri
211 2518 391 2567 monumenta
400 2512 478 2565 iubet
487 2517 678 2633 qronstretque
687 2523 730 2557 sa·

443 2596 548 2634 ceros.

83 2636 205 2705 hemum
213 2652 289 2719 niet,
300 2651 394 2722 pellor
402 2650 485 2705 &mul
496 2655 614 2716 occupat
624 2662 681 2703 ors

534 2718 600 2777 Ma
