1882 3052
166 133 220 187 316
329 132 359 184 Ρ.
377 127 559 185 vluoluu
576 126 765 182 MARONiS

167 233 385 304 deneairigila,
395 238 425 287 et
434 233 503 286 reiis
513 233 634 285 immitte
643 232 789 284 rudentes.

109 304 532 359 ²30Nossumusldaeaesacro
543 302 693 355 devortier
723 303 798 362 inus,
937 330 939 335 .

167 375 249 428 Nunc
259 374 350 443 pelagi
361 370 624 440 Nymphae‚olassis
633 376 691 437 tua.
702 316 831 422 deriidui
840 373 871 419 ut
879 382 920 419 nu
937 398 939 429 3

167 445 341 510 Praeqipites
351 441 427 494 ferro
436 440 557 493 Rutulus
568 439 736 507 flammaque
747 439 897 506 premebat,
925 464 933 477 .

167 515 302 580 Rupimus
312 513 416 563 invitae
425 510 606 573 tuavineula‚
616 515 701 577 teque
711 523 764 574 per
774 521 878 577 aequor

168 573 920 646 QuaerimusllaneGenetrixfaeiemmiseratareieeit

110 649 160 703 235
167 653 205 704 Et
215 651 294 707 dedit
304 665 367 701 esse
378 650 459 714 deas,
469 663 625 717 aerumque
635 648 743 715 agitare
753 647 806 697 sub
817 644 900 697 undis

168 723 205 772 At
214 733 284 785 puer
293 719 427 769 Ascanius
437 734 517 771 muro
529 717 667 785 fossisque
679 720 796 768 tenetur

168 788 241 841 Tela
249 788 325 838 inter
334 786 426 838 media
438 793 522 855 atque
531 785 679 838 horrentes
688 786 785 837 Marte
794 782 908 836 Laena

168 860 227 911 lam
239 856 301 907 loca
311 857 387 907 iussa
396 860 494 908 tenent
505 855 573 907 forti
583 855 739 922 permixtus
749 855 868 905 Etrusco

170 928 256 977 Meas
266 940 360 992 eques.
395 924 505 977 Medias
515 925 572 976 iilis
583 938 726 993 opponere
737 929 856 984 turmas,

113 992 163 1045 240
170 993 212 1046 Ne
223 996 323 1046 eastris
332 994 463 1061 iungant,
475 999 554 1046 certa
564 1000 607 1046 est
616 994 759 1046 sententia
767 993 874 1049 Tarne.
913 1042 916 1047 ,

171 1062 261 1130 Surge
271 1077 335 1129 age,
346 1067 375 1113 et
384 1064 494 1113 Aurora
504 1063 595 1113 socios
605 1063 736 1114 veniente
744 1061 842 1111 vocari

172 1133 282 1184 Primus
289 1133 319 1181 in
330 1144 408 1181 arma
417 1129 495 1193 iube,
505 1136 534 1182 et
544 1131 663 1197 clipeum
673 1145 757 1197 cape,
769 1144 852 1196 quem
861 1126 922 1181 dedit

588 1217 598 1250 ι
632 1215 648 1252 e
896 1204 904 1223 ’

173 1268 310 1320 invictum
320 1267 492 1334 ignipotens,
503 1274 588 1335 atque
599 1216 664 1320 &aa
674 1268 775 1321 ambiit
784 1281 865 1320 auro.

175 1338 304 1389 crastina
313 1335 449 1399 lux,mea
458 1338 483 1386 si
493 1352 549 1388 non
558 1339 641 1390 irrita
650 1337 727 1389 dieta
736 1338 856 1405 putaris,

115 1397 303 1473 attingentes
313 1404 434 1457 Rutulae
444 1406 581 1471 spectabit
591 1407 684 1458 caedis
694 1421 821 1460 acervos.
884 1406 887 1411 '

175 1476 306 1529 Dixerat:
317 1479 346 1527 et
356 1474 454 1527 dextra
464 1474 609 1526 discedens
619 1476 732 1542 impulit
742 1476 841 1538 altam,

175 1544 260 1595 Haud
269 1545 370 1611 ignara
378 1544 462 1605 modi,
474 1544 597 1610 puppim.
632 1545 718 1613 Fugit
728 1545 780 1596 illa
791 1560 843 1611 per
852 1540 939 1595 undu·

177 1614 263 1664 Ocior
273 1618 302 1665 et
311 1613 404 1664 iaculo
416 1617 444 1664 et
453 1618 550 1663 ventos
560 1619 697 1682 aequante
707 1616 823 1682 sagitta.

177 1682 244 1733 inde
256 1681 327 1733 aliae
339 1682 463 1734 celerant
474 1697 579 1733 cursus.
615 1681 716 1751 Stupet
726 1684 834 1735 inscius
845 1683 900 1748 ipse

118 1742 168 1795 250
177 1752 251 1807 Tros
261 1749 455 1813 Anchisiaden
469 1752 576 1802 animos
585 1757 678 1804 tamen
689 1755 782 1804 omine
794 1751 879 1803 tollit
920 1804 924 1809 ,

177 1820 929 1888 Tumbrevitersuperaadspectnnsconvexapreoatu:

177 1888 259 1939 Alma
268 1903 368 1953 parens
377 1889 462 1940 idaea
472 1889 567 1951 deum,
583 1893 627 1942 oui
636 1890 780 1957 Dindyma
791 1889 882 1950 cordi,

178 1958 406 2022 Turrigeraeque
415 1959 511 2021 urbes,
521 1959 662 2027 biiugique
674 1961 708 2010 ad
721 1960 805 2011 frena
816 1959 920 2019 leonem

178 2027 223 2076 Tu
243 2024 312 2075 mihi
323 2041 396 2077 nune
406 2040 516 2092 pugnae
527 2030 665 2095 princeps,
672 2031 762 2080 turite
769 2030 932 2095 propinque

120 2091 932 2163 255Augurium,Phrygibusqueadsispede‚dira‚secundo.

178 2164 300 2213 Tantum
312 2160 426 2225 effatus3
442 2169 471 2213 et
480 2165 587 2218 interea
597 2167 725 2218 revoluta
735 2166 840 2218 ruebat

179 2230 294 2281 Matura
303 2232 358 2279 iam
370 2231 432 2282 luoe
442 2231 514 2295 dies,
524 2242 692 2304 noctemque
703 2235 828 2302 fugarat.

215 2299 357 2365 Principio
368 2301 451 2350 sociis
463 2302 561 2366 edicit,
571 2307 651 2372 signa
661 2311 829 2372 sequentur,

181 2369 271 2435 Atque
283 2371 389 2419 animos
400 2374 496 2435 aptent
506 2375 600 2436 armis,
611 2389 776 2442 pugnaeque
792 2378 897 2441 parent
904 2387 937 2423 se.

123 2435 294 2505 stolamque
309 2438 337 2488 in
349 2445 499 2503 conspeetu
509 2442 634 2494 Teucros
645 2442 729 2495 habet
739 2450 834 2496 etsua
844 2448 939 2503 castra,

181 2506 265 2559 Stans
275 2506 350 2562 celsa
359 2508 387 2562 in
398 2511 494 2578 puppi:
505 2511 939 2582 clipeumquumdeindesinistro

176 2576 292 2633 Extulit
301 2577 457 2634 ardentem.
491 2581 798 2636 diamoremadsidera
807 2585 917 2637 tollunt

170 2651 593 2723 Dardanidaeemurisqspes
601 2649 914 2707 auumamouaruux.
