1882 3052
67 70 70 79 ¹
189 167 194 171 ,
280 72 320 153 'eo
443 90 888 151 nvrnarnrrmnaonrs

284 204 363 270 Rupe
374 204 425 254 sub
436 205 513 255 adria
523 203 627 255 deserti
638 202 673 252 ad
685 201 844 267 Strymonis
854 216 888 250 un

285 272 421 336 Flevisse,
431 278 460 325 et
469 272 568 340 gelidis
579 270 647 322 haec
657 272 791 322 evolvisse
801 272 852 321 sub
864 286 888 321 ar

115 376 121 388 ·
225 345 275 395 διο
285 343 456 394 Mulcentem
466 343 566 408 tigres,
578 346 607 391 et
616 341 880 407 agentemcarmine

285 412 383 473 Qualis
394 409 516 477 populea
525 424 653 461 moerens
664 408 816 477 philomela
825 410 876 459 sub

284 482 407 534 Amissos
417 480 545 546 queritur
555 478 641 541 fetus,
652 493 722 546 quos
733 479 818 529 durus
829 483 888 528 arat

287 551 443 602 Observans
452 547 518 598 nido
527 547 675 613 implumes
685 548 819 599 detraxit:
833 553 863 598 at
876 549 885 596 i

168 624 180 637 '
285 619 349 669 Flet
359 620 483 679 noctem,
492 630 628 683 ramoque
639 617 738 667 sedens
749 617 888 666 miserabil

226 684 275 738 515
284 676 422 753 integrat,
433 691 462 737 et
472 687 587 737 moestis
598 686 655 738 late
666 685 730 737 loca
740 686 884 752 questibus

285 756 371 810 Nulla
380 753 486 817 Venus,
497 770 553 807 non
562 754 615 805 ulli
625 757 747 806 animum
757 754 862 806 flexere
872 754 888 804 h

286 825 369 878 Solus
379 825 580 891 Hyperboreas
589 823 707 892 glacies,
718 825 888 891 Tanaimque

286 897 412 962 Arvaque
423 891 554 960 Rhipaeis
564 908 705 961 nunquam
715 894 829 946 viduata
837 908 888 960 pru

285 964 451 1026 Lustrabat,
461 969 572 1029 raptam
582 963 755 1029 Eurydicen,
766 969 849 1030 atque
861 964 886 1012 ir

193 1054 197 1059 ·
226 1038 277 1089 520
286 1033 368 1086 Dona
377 1048 504 1101 querens.
526 1032 643 1100 Spretae
653 1033 786 1084 Ciconum
797 1047 852 1101 quo
863 1047 888 1083 m

701 1107 813 1164 matres,

285 1174 363 1224 Inter
372 1186 454 1224 sacra
464 1172 545 1223 doum
556 1172 740 1239 nocturnique
752 1173 832 1237 orgia
840 1171 888 1223 Bar

285 1242 464 1315 Discerptum
476 1241 549 1292 latos
560 1242 688 1292 iuvenem
698 1252 827 1307 sparsere
838 1255 887 1307 per

286 1313 359 1362 Tum
370 1326 480 1378 quoque
490 1325 648 1362 marmorea
658 1315 742 1377 caput
752 1326 769 1360 a
779 1312 885 1362 cervice

287 1380 406 1448 Gurgite
417 1395 501 1448 quum
511 1380 603 1432 medio
613 1384 727 1447 portans
739 1380 888 1446 Oeagrius]

226 1454 277 1507 525
286 1448 429 1512 Volneret,
439 1450 600 1516 Eurydicen
610 1464 664 1500 vox
673 1451 735 1515 ipsa
745 1454 774 1500 et
783 1448 887 1516 frigida

285 1517 327 1569 Ah
337 1521 466 1571 miseram
476 1517 650 1586 Eurydicen!
665 1520 758 1568 anima
768 1517 888 1584 fugiente

286 1587 446 1655 Eurydicen
456 1592 517 1640 toto
528 1587 689 1640 referebant
698 1586 813 1639 flumine
824 1589 886 1654 ripa

285 1658 364 1709 Haec
375 1657 507 1720 Proteus3
523 1661 552 1708 et
562 1673 592 1709 se
602 1658 677 1708 iactu
690 1656 768 1708 dedit
778 1671 883 1724 aequor

286 1726 888 1792 Quaquededit,spumantenundansubver

117 1814 122 1821 ’
226 1798 277 1849 550
319 1797 356 1846 nt
370 1808 425 1844 non
437 1794 559 1860 Cyrene:
574 1808 694 1860 namque
704 1794 780 1845 ultro
791 1794 888 1846 affata¹

83 2610 133 2752 ,

284 1861 369 1937 Nate,
379 1861 447 1914 licet
456 1862 551 1912 tristes
562 1858 655 1913 an'imo
668 1863 806 1929 deponere
817 1880 888 1917 cura:

283 1933 363 1984 Haec
373 1931 461 1983 omnis
472 1931 561 1981 morbi
572 1945 682 1997 caussa3
696 1931 760 1985 hinc
772 1935 888 1986 miserah

717 2002 769 2055 hae

284 2070 353 2120 Cum
363 2068 462 2136 quibus
472 2068 524 2119 illa
535 2067 634 2121 choros
644 2017 715 2122 lucil}
726 2041 851 2140 agitabat
861 2077 888 2124 in

283 2139 407 2189 Exitium
417 2140 519 2192 misere
530 2140 637 2206 apibus.
657 2142 701 2192 Tu
712 2156 829 2194 munera
840 2158 888 2209 sup

224 2202 274 2254 535
283 2207 380 2259 Tende
391 2212 489 2274 petens
498 2222 605 2274 pacem,
614 2214 644 2261 et
653 2208 751 2262 faciles
760 2225 888 2264 venerare

284 2275 411 2344 Namque
421 2276 527 2328 dabunt
535 2280 644 2330 veniam
654 2282 739 2342 votis,
748 2282 862 2349 irasque
872 2298 886 2332 r

285 2345 354 2409 Sed,
363 2346 462 2398 modus
473 2347 572 2399 orandi
582 2349 630 2415 qui
640 2349 690 2411 sit,
700 2352 777 2416 prius
789 2353 888 2403 ordine

285 2416 413 2478 Quatuor
424 2417 540 2468 eximios
548 2421 705 2484 praestanti
715 2435 833 2486 corpore
844 2426 888 2471 tau

285 2485 339 2547 Qui
349 2487 400 2537 tibi
409 2501 484 2537 nunc
492 2486 589 2538 viridis
600 2487 755 2554 depascunt
765 2491 888 2542 summai

198 2562 204 2569 ·
225 2554 275 2607 540
283 2555 385 2624 Delige
396 2561 426 2614 et
435 2558 540 2608 intacta
550 2557 668 2610 totidem
680 2559 787 2612 cervice
796 2562 888 2613 iurent

284 2625 412 2686 Quatuor
422 2624 466 2678 his
476 2641 540 2678 aras
551 2626 609 2677 alta
619 2627 656 2679 ad
665 2628 782 2683 delubra
791 2631 888 2683 dearur
