1882 3052
173 185 222 238 154
328 184 358 236 P.
378 182 557 237 VlRGlLll
578 177 769 236 MARONIS

111 298 159 350 565
170 288 238 341 Sola
248 302 349 340 norum
360 288 491 354 dictuque
501 286 579 338 nefas
589 287 717 353 Harpyia
727 284 851 337 Celaeno

169 359 331 426 Prodigium
343 359 429 420 canit,
439 363 468 408 et
478 358 573 407 tristes
585 356 731 406 denuntiat
740 357 805 417 iras,

169 427 379 493 obscenamque
390 425 508 487 famem)
520 439 590 491 quae
601 427 691 491 prima
699 424 825 493 pericula
836 425 889 474 rito

23 523 35 548 ι
54 512 56 516 ’
170 497 279 558 Quidve
288 500 406 562 sequens
416 499 509 544 tantos
519 495 621 559 possim
633 508 768 559 superare
779 493 889 543 labores

135 617 137 621 ,
168 567 224 616 llic
233 564 370 624 Helenus,
382 563 469 614 caesis
479 563 599 628 primum
610 564 645 614 de
656 577 733 613 more
744 564 879 624 iuvencis,

110 637 163 702 570
169 636 277 686 Exorat
287 647 383 697 pacem
388 632 498 695 uirum,
509 634 646 699 vittasque
657 631 773 682 resolvit

15 734 19 738 ·
70 727 81 754 t
169 701 279 754 Sacrati
290 702 400 765 capitis,
410 716 508 767 meque
519 701 554 751 ad
564 706 613 751 tua
624 701 733 763 limina,
743 698 866 763 Phoebe,

168 772 231 836 lpse
241 786 324 820 manu
335 769 423 820 multo
434 785 598 835 suspensum
608 771 720 822 numine
732 770 823 832 ducit;

169 843 259 905 Atque
271 837 339 889 haec
349 838 449 889 deinde
461 841 535 890 canit
545 839 637 891 divino
648 853 683 891 ex
693 854 742 890 ore
752 838 885 889 sacerdos

204 907 276 959 Nate
289 907 353 970 dea,
364 912 439 970 (nam
449 914 477 960 te
488 910 639 960 maioribus
649 910 691 959 ire
697 924 750 974 per
760 907 852 958 altum

111 979 159 1045 575
169 978 306 1041 Auspiciis
316 977 465 1030 manifesta
475 980 556 1041 lides3
571 980 611 1029 sic
622 977 679 1029 fata
691 978 772 1028 deum
783 992 837 1028 rex

170 1045 309 1107 Sortitur,
320 1047 462 1114 volvitque
472 1050 559 1110 vices,
574 1049 597 1096 is
607 1047 728 1099 vertitur
739 1047 822 1105 ordo)

169 1115 264 1166 Pauca
273 1104 323 1166 hbi
335 1132 350 1167 e
361 1116 469 1177 multis,
480 1131 534 1182 quo
545 1118 634 1166 tutior
644 1115 754 1182 hospita
766 1115 872 1167 lustres

119 1222 120 1227 ,
169 1185 311 1249 Aequora,
324 1190 352 1234 et
360 1187 482 1236 Ausonio
494 1188 583 1249 possis
595 1185 741 1236 considere
751 1193 846 1250 portu,
870 1208 875 1213 ·

147 1271 154 1279 ·
169 1254 324 1318 Expediarn
335 1254 429 1316 dictis3
445 1254 593 1319 prohibent
603 1270 666 1304 nam
677 1259 772 1304 cetera
782 1254 889 1304 Parcae

109 1323 160 1378 580
170 1321 260 1384 Scire,
271 1319 411 1373 Helenum
423 1322 531 1389 farique
542 1329 619 1374 retat
629 1322 762 1374 Saturnia
772 1325 852 1373 luno.

169 1391 310 1456 Principio
321 1391 444 1452 ltaliam,
462 1407 545 1459 quarn
555 1398 586 1443 tu
596 1394 652 1442 iarn
662 1407 724 1442 rere
735 1395 889 1458 propinqua

168 1459 349 1527 Vicinosque,
361 1462 470 1527 ignare,
481 1475 562 1528 paras
572 1461 703 1512 invadere
715 1466 824 1525 portus,
857 1490 863 1495 -

39 1579 42 1585 ,
134 1536 138 1541 “
168 1529 267 1595 Longa
276 1530 373 1594 procul
385 1531 476 1596 longis
487 1531 530 1580 ria
541 1531 638 1581 dividit
646 1531 720 1580 invia
730 1533 823 1580 terris.

168 1599 239 1649 Ante
251 1604 279 1648 et
289 1600 436 1649 Trinacria
447 1600 594 1649 lentandus
606 1614 698 1650 remus
708 1601 736 1648 in
746 1599 831 1660 unda,

109 1665 158 1722 585
169 1669 206 1717 Et
216 1667 284 1716 salis
293 1670 407 1718 Ausonii
420 1668 595 1719 lustrandum
607 1669 721 1719 naribus
732 1683 847 1734 aequor,

167 1735 328 1802 infernique
338 1737 429 1797 lacus,
440 1738 602 1804 Aeaeaeque
612 1736 704 1786 insula
714 1738 822 1800 Circae,
844 1729 856 1744 ‘

169 1805 258 1865 Quam
271 1809 332 1853 tuta
343 1808 432 1869 possis
445 1806 540 1856 urbem
552 1821 718 1871 componere
729 1811 815 1856 terra.

167 1870 254 1938 Signa
264 1873 314 1921 tibi
326 1873 429 1935 dicam3
444 1881 476 1923 tu
487 1875 599 1924 condita
611 1881 703 1926 mente
714 1881 823 1926 teneto:

167 1941 260 2001 Quum
269 1940 320 1988 tihi
332 1940 454 1991 sollicito
464 1946 565 1994 secreti
577 1945 612 1994 ad
624 1944 744 1994 fluminis
755 1945 831 1997 unda

108 2013 158 2079 590
166 2007 289 2060 Litoreis
299 2009 396 2074 ingens
406 2012 519 2060 inventa
529 2013 579 2062 sub
589 2013 699 2065 ilicibus
708 2029 764 2075 sus,
807 1946 876 2202 ἶ

168 2077 298 2142 Triginta
309 2078 430 2141 capitum
441 2078 515 2130 fetus
527 2083 620 2143 enixa,
631 2085 741 2145 iacebit,
814 2102 821 2107 ·

166 2146 250 2205 Alba,
261 2143 322 2194 solo
334 2147 481 2209 recubans,
492 2148 546 2199 albi
558 2152 660 2202 circuni
672 2154 760 2203 ubera
769 2169 806 2203 na
829 2169 843 2216 ·;

167 2216 194 2267 ls
205 2215 282 2264 locus
293 2216 368 2265 urhis
380 2218 444 2278 erit,
456 2220 567 2284 requies
578 2236 610 2270 ea
620 2227 698 2271 certa
707 2222 848 2272 laborum.

167 2282 227 2335 Nec
236 2288 267 2333 tu
277 2298 436 2335 mensarum
447 2301 555 2337 morsus
566 2286 697 2341 horresce
708 2289 834 2354 futuros3

108 2350 320 2417 sarracenam
331 2355 484 2418 invenient,
495 2356 641 2425 aderitque
650 2365 766 2410 vocatus
777 2359 887 2427 Apollo.

167 2423 227 2474 Has
238 2426 332 2472 autem
342 2427 434 2473 terras
444 2425 562 2492 ltalique
574 2425 644 2478 hanc
655 2428 746 2479 litoris
759 2443 847 2493 oram,

168 2490 299 2542 Proxima
310 2507 380 2558 quae
391 2494 478 2543 nostri
490 2495 669 2559 perfunditur
679 2501 810 2564 aequoris
820 2503 889 2550 aestr

163 2559 280 2630 Effuge3
296 2567 396 2614 cuncta
406 2563 486 2613 malis
498 2562 659 2616 habitantur
670 2569 781 2619 moenia
793 2569 889 2622 urnis

154 2633 214 2687 Hic
227 2640 260 2687 et
268 2634 388 2705 Narycii
399 2641 559 2705 posuerunt
566 2635 784 2698 moenrahocri,

80 2692 136 2758 400
145 2703 188 2759 Et
197 2704 389 2767 Sallentinos
403 2705 626 2767 obseditnihte
634 2719 750 2770 campos
