1882 3052
143 190 191 242 138
299 190 327 241 P.
351 189 533 243 VIRGlLll
555 184 744 243 Maeonis

140 291 199 345 Nos
209 298 308 344 contra
317 292 397 345 effusi
406 292 540 353 lacrimis,
551 292 726 358 coniunxque
738 290 776 342 Cr

140 363 341 430 Ascaniusque,
353 362 496 427 omnisque
506 361 617 422 dumus,
627 375 661 411 ue
671 358 776 410 ver'ters

142 432 249 482 cuncta
258 436 349 497 pater,
360 429 474 497 fatoque
485 431 597 495 urgenti
606 430 766 480 incumbere

140 500 453 566 Abnegat,incept0que
463 504 491 549 et
500 498 611 549 sedibus
621 496 718 549 haeret
728 499 756 547 in
768 502 776 547 i

81 568 131 620 655
141 569 247 620 Rursus
257 568 286 617 in
295 581 374 617 arma
379 565 643 635 streames-temque
648 567 776 617 miserrin

141 635 212 688 Nam
222 634 776 703 quodconsiliumautquaeiamsortunat

141 705 224 756 Mene
235 703 334 757 efferre
344 703 456 770 pedem,
466 706 590 770 genitor,
601 709 629 755 te
639 717 720 770 posse
731 703 775 754 rel

141 770 284 839 Sperastii
297 776 462 840 tantumque
474 772 551 823 nefas
562 775 652 838 patrio
663 773 774 823 excidit-

141 841 172 894 Si
181 839 252 891 nihil
261 856 297 892 ex
305 846 385 892 tanta
394 843 501 908 superis
512 842 604 907 placat
613 843 681 892 urbe
692 840 776 890 relint

82 912 133 968 660
143 910 180 959 Et
189 908 269 960 sedet
279 909 331 961 hoc
341 912 447 973 auimo,
458 913 654 978 perituraeque
666 909 769 960 addere

110 976 119 991 '
143 979 241 1048 Teque
251 986 370 1047 tuosque
380 981 471 1044 iuvat,
482 986 563 1047 patet
569 982 616 1030 isti
627 980 711 1028 ianua
722 977 776 1029 lete

141 1050 256 1118 iamque
267 1049 358 1102 aderit
367 1050 456 1101 multo
467 1050 570 1101 Priami
580 1049 615 1100 de
625 1049 758 1114 sanguine
770 1049 776 1098 l

141 1118 248 1170 Natum
259 1122 324 1171 ante
335 1120 494 1187 orapatris‚
504 1124 612 1185 patrem
622 1119 670 1185 qui
681 1117 776 1169 abtrur

60 1265 64 1274 ’
143 1253 207 1305 Hoc
218 1251 371 1314 erat,=alma
380 1201 684 1319 parensqueffiuer
695 1251 777 1316 tela,1

86 1327 136 1380 665
145 1322 250 1390 Eripis,
261 1326 292 1372 ut
302 1321 399 1371 mediis
409 1319 516 1372 hostum
526 1322 555 1370 in
566 1319 768 1386 penetralibus,

145 1391 304 1450 Ascanium,
314 1395 478 1457 patremque
488 1404 579 1440 meum
585 1426 593 1451 ,
602 1391 736 1454 iuxtaque
748 1390 776 1439 C]

145 1460 272 1512 Alterum
282 1460 310 1508 in
322 1459 439 1510 alterius
449 1463 586 1516 mactatos
595 1459 742 1524 sanguine,
753 1473 776 1507 ci

145 1531 240 1591 Arma,
250 1528 316 1589 viri,
327 1527 399 1579 ferte
410 1542 499 1589 arma3
515 1532 595 1576 vocat
605 1526 654 1576 iux
664 1526 764 1576 ultima
775 1544 776 1547 ¹

145 1599 263 1649 Reddite
273 1611 317 1646 me
327 1596 447 1658 Danais;
460 1596 542 1645 sinite
553 1597 710 1653 instaurata
721 1597 776 1645 reri

86 1671 135 1738 670
144 1666 264 1717 Proelia.
284 1664 433 1732 Nunquam
444 1660 539 1715 omnes
549 1662 632 1714 hodie
643 1665 776 1715 moriemu

179 1737 254 1786 Hinc
264 1733 338 1784 ferro
349 1736 478 1800 accingor
487 1748 595 1796 rursus;
612 1734 754 1799 clipeoque
766 1749 776 1782 s

144 1804 317 1854 Insertabam
329 1808 441 1868 aptans,
452 1818 551 1869 meque
562 1807 642 1853 extra
652 1807 727 1852 tecta
737 1801 776 1852 fer

144 1873 217 1931 Ecce
227 1875 319 1921 autem
331 1870 476 1934 complexa
487 1873 569 1936 pedes
580 1874 606 1921 in
618 1871 712 1922 limine
723 1887 776 1921 con

57 1958 63 1966 ·
143 1939 298 1998 Haerebat,
310 1952 481 2003 parvumque
492 1942 565 2003 patri
577 1941 708 1991 tendebat
719 1940 776 1991 luit

85 2011 135 2078 675
143 2006 176 2063 si
187 2009 328 2073 periturus
340 2005 409 2067 abis,
422 2012 450 2056 ct
460 2020 510 2056 nos
522 2022 588 2073 rape
600 2011 627 2058 in
639 2011 732 2059 onmia
741 2015 776 2060 tc.

146 2075 195 2127 Sin
205 2075 328 2142 aliquam
339 2078 470 2139 expertus
480 2079 579 2126 sumtis
589 2093 666 2143 spem
676 2080 755 2144 ponis
766 2081 775 2128 i

144 2144 226 2196 Hanc
236 2144 356 2210 primum
366 2148 459 2194 tutare
470 2143 590 2195 domum.
611 2148 662 2197 Cui
673 2163 776 2213 parvus

146 2213 197 2264 Cui
206 2218 294 2279 pater,
304 2213 776 2281 etconiurrxquendamtuadictare

181 2281 262 2333 Talia
276 2280 432 2333 vociferans
442 2285 547 2350 gemitu
557 2291 662 2336 tectum
674 2301 754 2338 enine
765 2303 776 2337 1

86 2355 135 2409 680
145 2353 238 2416 Quum
248 2350 508 2420 subitumdictuque
515 2355 776 2408 oriturmirabilemi

144 2421 270 2540 Namque
281 2436 379 2471 manus
391 2423 774 2494 intermoestorumqueorap

143 2493 223 2544 Ecce·
240 2491 296 2542 evis
306 2505 414 2541 sunrmo
426 2491 460 2543 de
470 2496 575 2545 vertice
586 2497 659 2545 visus
670 2496 725 2547 Iuli

143 2561 272 2613 Fundere
281 2560 376 2612 lumen
387 2577 469 2628 apex,
480 2569 611 2631 tactuque
620 2566 734 2616 innoxia
744 2581 776 2616 m«

143 2629 281 2683 Lambere
291 2629 403 2681 flamma
414 2647 518 2695 comas,
530 2640 558 2685 et
569 2635 672 2685 circum
683 2642 776 2701 tempu

85 2697 135 2754 685
144 2697 202 2752 Nos
211 2700 304 2770 pavidi
314 2700 455 2768 trepidare
467 2707 557 2768 metu,
568 2705 727 2774 crinemque
738 2703 776 2759 ila
