1882 3052
197 173 250 227 roo
355 172 385 226 r.
403 171 589 228 ruscum
612 169 802 227 uraoms
915 135 929 247 J

194 278 273 347 lpse3
286 275 336 329 sed
346 273 485 328 horrificis
495 277 574 327 iuxta
584 279 665 328 tonat
673 277 764 327 Aetna
773 272 874 337 ruinis,

195 346 394 413 Interdumque
405 351 494 396 atram
505 347 663 412 prorumpit
672 345 707 397 ad
718 342 835 396 aethera
850 343 933 395 nuber

196 417 321 469 Turbine
333 414 485 466 sumentem
495 415 575 480 piceo
586 422 614 466 et
625 414 759 466 candente
769 413 881 482 sai¹illa3

195 486 362 553 attollitque
372 484 469 550 globos
479 483 668 548 flammarum,
679 489 708 535 et
716 483 811 535 sidera
820 482 933 534 lambitr

51 573 54 580 ·
135 554 184 624 575
195 554 338 607 Interdum
349 552 477 618 scopulos
488 553 640 620 avulsaque
649 556 756 604 viscera
766 552 872 603 montis

163 674 179 685 „
192 624 287 690 Erigit
296 626 439 684 eructans,
449 621 656 689 liquefactaque
667 636 735 673 saxa
744 622 794 672 suh
807 635 894 672 auras

193 694 264 744 Cum
274 692 380 758 gemitu
390 690 542 756 glomerat,
554 690 696 758 fundoque
707 696 856 743 exaestuat
864 691 934 741 imo.

192 761 280 813 Fama
289 764 343 821 est,
354 759 488 811 Enceladi
498 762 662 810 semiustum
674 759 790 810 fulmine
802 773 909 826 corpus

144 846 150 857 ·
162 870 168 877 .
191 829 292 897 Vrgeri
303 828 375 880 mole
386 828 450 890 hac,
462 831 658 897 ingentemque
669 830 783 896 insuper
791 832 916 881 Aetnam

119 902 122 907 '
134 897 184 952 580
191 898 353 964 Impositum
363 900 454 964 ruptis
464 898 603 949 flammam
614 900 757 965 exspirare
768 900 902 962 caminis3

192 969 242 1031 Et,
253 968 357 1019 fessum
368 970 477 1033 quoties
487 972 577 1019 mutet
586 968 674 1030 latus,
683 970 836 1020 intremere
847 981 932 1035 omne

192 1037 339 1089 Murmure
350 1039 539 1099 Trinacriam,
549 1043 579 1088 et
589 1038 698 1089 coelum
709 1038 859 1089 subtexere
872 1036 931 1088 fum

192 1107 309 1159 Noctem
319 1105 397 1156 illam
407 1108 475 1158 tecti
486 1107 562 1157 silvis
572 1108 704 1158 immania
713 1111 842 1158 monstra

193 1175 515 1242 Perfcrimus,nec,quae
527 1178 648 1227 sonitum
655 1177 816 1238 detcaussa,
822 1175 933 1228 noema

136 1242 185 1299 585
194 1245 266 1298 Nam
277 1260 366 1313 neque
377 1251 458 1296 erant
468 1250 608 1296 astrorum
620 1247 711 1364 ignhes,
720 1261 773 1300 nec
783 1245 900 1298 lucidus

612 1321 657 1366 aet
678 1330 710 1367 ra

195 1381 310 1435 Siderea
320 1383 414 1449 polus,
425 1383 544 1435 obscuro
555 1384 603 1434 sed
614 1384 710 1435 nubila
720 1382 809 1445 coelo,

193 1455 231 1506 Et
240 1453 348 1504 Lunam
359 1454 388 1503 in
399 1453 491 1503 nimbo
502 1469 558 1504 nox
568 1455 735 1519 intempesta
745 1453 871 1503 tenebat

229 1521 346 1573 Postera
355 1524 466 1589 iamque
476 1523 535 1574 dies
546 1523 634 1588 primo
645 1521 777 1590 surgebat
786 1523 857 1584 Eoo,

194 1591 421 1658 Humentemque
431 1593 540 1642 Aurora
549 1591 613 1657 polo
625 1590 780 1642 dimoverat
788 1591 931 1650 umbram3

137 1663 186 1732 590
195 1661 287 1722 Quum
298 1660 390 1711 subito
402 1677 417 1712 e
431 1660 518 1722 silvis,
530 1661 617 1711 macie
628 1660 756 1712 confecta
765 1675 907 1726 suprema,

194 1730 286 1795 lgnoti
296 1745 368 1781 nova
378 1730 470 1781 forma
480 1731 531 1779 viri
542 1730 755 1796 miserandaque
765 1730 844 1781 cultu

193 1795 339 1860 Procedit,
350 1799 521 1864 supplexque
533 1814 629 1849 manus
640 1800 675 1850 ad
686 1799 770 1850 litora
781 1798 883 1851 tendit.

194 1865 374 1932 Respicimus.
395 1867 466 1917 Dira
476 1868 598 1930 illuvies,
609 1869 788 1935 immissaque
799 1869 896 1930 barba,

90 1988 94 1993 ,
196 1935 361 1986 consertum
371 1940 502 2001 tegumen
512 1938 618 2001 spinisr
626 1943 656 1988 at
666 1944 760 1989 cetera
771 1937 884 1999 Graius,

135 2005 185 2079 595
194 2002 232 2054 Et
241 2002 379 2071 quondam
390 2005 488 2068 patriis
499 2005 533 2055 ad
544 2008 657 2058 Troiam
667 2009 768 2058 missus
778 2008 808 2057 in
819 2008 910 2058 armis.

193 2072 275 2138 Isque
286 2072 334 2122 ubi
344 2072 503 2124 Dardanios
514 2073 623 2126 habitus
634 2082 663 2128 et
672 2079 760 2127 Troia
768 2077 840 2128 vidit

193 2144 278 2193 Arma
288 2142 395 2206 procul,
406 2142 530 2208 paullum
541 2146 674 2211 adspectu
681 2142 933 2197 oonterfrtushaesil

97 2264 100 2271 ,
195 2209 393 2279 Continuitque
403 2212 534 2278 gradum3
545 2229 610 2265 mox
620 2231 681 2267 sese
692 2215 933 2283 adlitorapraecql

195 2278 264 2328 Cum
276 2277 343 2330 lletu
354 2283 537 2350 precibusque
548 2284 626 2334 tulit:
641 2284 697 2336 Per
706 2285 801 2337 sidera
810 2291 905 2347 testor,

135 2353 186 2406 600
196 2345 251 2398 Per
260 2361 388 2414 superos,
400 2357 483 2419 atque
493 2351 547 2405 boc
558 2354 629 2404 coeli
639 2354 772 2421 spirabile
782 2354 887 2407 lumen:
925 2354 933 2379 l

196 2416 302 2468 Tollite
312 2433 369 2481 me,
380 2423 494 2484 Teucri3
510 2437 687 2491 quascunque
698 2424 828 2477 abducite
838 2430 920 2476 terras

195 2486 259 2538 Hoc
269 2493 313 2538 sat
323 2490 384 2539 erit.
405 2489 468 2542 Scio
479 2507 522 2543 me
533 2492 639 2543 Danais
650 2509 665 2544 e
676 2493 813 2547 classibus
823 2507 911 2554 anun,
926 2492 929 2499 '

133 2624 139 2631 Ι
193 2556 233 2608 Et
241 2555 317 2611 bello
328 2557 427 2612 lliacos
437 2559 529 2612 fateor
539 2564 652 2630 petiisse
662 2564 791 2616 Penates.
911 2554 933 2629 l,

186 2626 246 2681 Pro
260 2646 332 2702 quo,
344 2632 369 2686 si
380 2631 503 2699 sceleris,
509 2637 594 2685 tanta
601 2636 645 2685 est
650 2633 863 2697 iniurianostui,
926 2634 933 2701 i

109 2692 171 2750 605
180 2696 323 2779 Spargite
335 2707 429 2766 mein
440 2700 933 2774 luetusnasuqummequqm
