1882 3052
138 155 190 209 ais
240 196 242 203 .
294 153 322 203 r.
342 150 527 212 viamen
550 110 747 200 minoris*

139 259 294 309 Observans
305 269 375 322 quae
385 255 464 320 signa
474 252 633 318 serant,quo
643 250 760 301 tendere
771 263 789 315 p

138 325 287 377 Pascentes
298 325 362 374 illae
371 328 479 373 tantum
490 321 601 387 prodire
611 319 740 381 volando,

81 423 130 458 200
140 397 280 458 Quantum
291 395 349 444 acie
360 395 473 458 possent
483 391 557 441 oculi
567 404 677 441 serrare
688 403 790 454 sequen

139 461 219 528 lude,
228 463 275 513 ubi
285 477 385 513 venere
395 460 431 510 ad
441 459 536 510 fauces
547 457 734 526 graveolentis
743 459 790 508 Ανι

139 531 258 583 Tollunt
267 546 296 581 se
307 530 425 592 celeres3
440 529 631 595 liquidumque
642 541 691 593 per
702 529 770 576 adra
781 525 790 574 l

140 600 257 652 Sedibus
269 601 371 664 optatis
381 599 507 665 geminae
517 613 600 662 super
610 597 710 647 arbore
721 595 787 645 sidu

139 667 270 719 Discolor
281 668 353 718 unde
365 668 426 717 auri
436 682 485 732 per
496 681 588 716 ramos
599 680 670 715 aura
677 663 790 715 refulsit

82 744 131 798 205
140 736 228 799 Quale
238 735 311 786 solet
321 735 397 784 silvis
408 736 526 786 brumali
538 735 642 800 frigore
653 734 761 784 viscum

139 804 250 858 Fronde
260 806 350 855 virere
360 819 443 864 nova,
456 805 529 871 quod
539 818 594 852 non
604 818 655 852 sua
665 804 788 853 seminat

139 876 177 925 Et
186 887 285 924 croceo
298 871 356 924 fetu
366 878 470 924 teretes
481 872 653 924 circumdare
665 877 790 922 truncos:

62 951 65 956 ⁴
140 941 217 993 'lulis
228 946 290 992 erat
300 944 405 1006 species
416 943 477 990 auri
489 940 644 991 frondentis
656 955 746 1005 opaca

92 1008 96 1012 ’
139 1011 220 1074 llice3
235 1012 274 1073 sic
285 1010 341 1062 leni
352 1010 504 1076 crepitabat
514 1012 627 1061 bractea
636 1015 728 1059 vento.

81 1104 132 1142 210
142 1080 264 1145 Corripit
273 1080 378 1131 Aeneas
389 1079 540 1144 extemplo,
552 1079 702 1144 avidusque
712 1077 790 1130 refrii

142 1149 336 1210 Cunctantem,
347 1153 376 1199 et
385 1151 456 1197 vatis
466 1153 561 1213 portat
571 1148 622 1199 sub
633 1153 709 1197 tecta
721 1146 790 1214 Siby

176 1217 234 1268 Nec
244 1218 334 1267 minus
344 1217 451 1268 interea
461 1216 599 1267 Misenum
610 1219 639 1266 in
650 1215 733 1267 litore
745 1220 790 1268 Te

141 1285 271 1347 Flebant,
283 1291 312 1338 ct
322 1287 408 1336 cineri
418 1287 529 1353 ingrato
541 1301 671 1351 suprema
681 1285 790 1336 ferebar

142 1355 280 1420 Principio
291 1355 420 1421 pinguem
431 1355 519 1406 taedis
530 1360 558 1405 et
568 1355 668 1404 robore
678 1360 760 1406 secto

82 1429 132 1480 215
142 1425 284 1490 lugentem
295 1429 423 1476 struxere
433 1439 543 1490 pyram:
559 1425 602 1474 cui
613 1422 762 1474 frondibus
773 1439 790 1475 a

141 1495 274 1545 lntexunt
282 1492 385 1554 latera,
397 1498 426 1545 et
435 1492 537 1544 ferales
548 1497 612 1542 ante
623 1507 771 1557 cupressos

55 1563 58 1567 ’
142 1562 329 1623 Constituant,
339 1561 527 1628 decorantque
538 1576 619 1627 super
629 1560 789 1626 fulgentibu

140 1629 209 1680 Pars
221 1631 324 1682 calidos
335 1629 433 1682 latices
444 1636 473 1682 et
482 1633 551 1680 alins
562 1631 696 1680 undantia
706 1629 790 1681 ilarnn

141 1699 307 1763 Expediunt,
314 1714 468 1766 corpusque
478 1699 572 1749 lavant
582 1699 710 1764 frigentis
722 1707 752 1749 et
763 1717 790 1750 ui

83 1777 133 1821 2'20
141 1766 189 1816 Fit
198 1769 324 1833 gemitus.
345 1771 417 1818 Tum
428 1769 552 1819 membra
562 1773 624 1818 toro
636 1765 735 1819 delleta
745 1785 790 1835 rep

141 1835 353 1901 Purpureasque
363 1851 446 1901 super
456 1844 559 1899 vestes,
568 1837 706 1888 velamina
716 1844 790 1900 nota

143 1903 306 1953 Coniiciunt.
328 1904 396 1954 Pars
407 1906 513 1970 ingenti
524 1907 634 1956 subiere
646 1904 760 1968 feretro,

141 1971 234 2021 Triste
246 1972 442 2032 ministerium,
452 1978 481 2022 et
490 1975 640 2024 subiectam
652 1989 730 2025 more
740 1991 790 2040 par

140 2040 237 2090 Aversi
247 2043 363 2089 tenuere
374 2040 472 2089 facem
495 2041 633 2108 Congesta
644 2051 789 2096 cremante

82 2111 132 2163 225
141 2108 236 2157 Turea
247 2107 331 2167 dona,
343 2107 440 2171 dapes,
453 2108 514 2159 fuso
526 2117 648 2162 crateres
660 2113 742 2163 olivo.

139 2174 290 2240 Postquam
302 2175 418 2239 collapsi
429 2177 547 2239 cineres,
559 2184 587 2229 et
596 2179 708 2230 llamma
719 2185 790 2249 quiei

139 2242 282 2309 Reliquias
292 2244 355 2292 vino
368 2250 396 2293 et
404 2245 528 2296 bibulam
538 2247 631 2299 lavere
643 2249 783 2314 favillam3

140 2311 263 2378 Ossaque
274 2311 347 2362 lecta
358 2313 426 2362 cado
438 2317 507 2364 texit
520 2317 682 2381 Corynaeus
693 2323 773 2370 aeno.

138 2381 216 2432 idem
226 2386 271 2432 ter
281 2382 371 2431 socios
382 2396 453 2446 pura
464 2384 635 2436 circumtulit
645 2390 727 2454 unda,

81 2454 132 2507 250
141 2448 280 2517 Spargens
292 2464 356 2500 rore
367 2449 421 2500 levi
431 2456 459 2500 et
470 2466 548 2501 ramo
561 2453 649 2504 felicis
662 2457 760 2520 olivae,

140 2518 337 2585 Lustravitque
348 2519 435 2580 viros,
445 2519 570 2586 dixitque
582 2525 731 2578 novissima
740 2531 790 2580 rer

138 2590 175 2639 At
187 2589 248 2653 pius
258 2589 364 2640 Aeneas
374 2590 480 2656 ingenti
490 2591 563 2641 mole
573 2591 732 2658 sepulcrum

137 2656 270 2723 imponit,
280 2673 386 2727 suaque
396 2661 729 2730 armaviro,remumque
739 2665 789 2717 tub
