1882 3052
45 205 48 210 Ι
128 133 160 188 rs
284 134 313 188 r.
332 123 729 188 vinainn'unaours

82 242 117 293 50
126 239 183 290 Nec
194 243 302 289 tantum
308 238 440 307 Rhodope
450 241 588 290 mirantur
599 242 627 290 et
636 237 760 288 Ismarus
767 233 887 301 Orphea

13 316 15 321 ’
52 333 55 337 ⁷
127 307 252 374 Namque
263 310 393 372 canebat,
405 310 447 359 uti
458 323 588 374 magnum
600 308 743 373 perinane
755 310 855 357 coacta

127 373 887 445 Seminaterrarumqueanimaequtmarisquefuissent

82 482 86 493 .
126 445 163 496 Et
174 447 272 514 liquidi
283 446 366 497 simul
377 448 462 514 ignis3
479 447 562 498 uthis
573 445 689 497 exordia
698 446 796 510 primis

128 516 242 576 Omnia,
254 517 351 583 etipse
361 524 441 567 tener
451 516 546 566 niundi
557 516 730 566 concreverit
741 514 832 574 orbis;

83 589 117 643 55
126 585 199 636 Tum
210 585 311 635 durare
321 584 413 635 solum
424 590 453 636 et
462 584 618 636 discludere
628 583 721 635 Nerea
731 590 819 649 ponto

127 654 270 720 Coeperit,
281 659 310 704 et
319 668 413 705 rerum
425 653 571 721 paullatim
580 667 691 704 sumere
702 651 822 713 formas3

125 723 240 790 lamque
250 737 352 773 norum
363 728 455 774 terrae
464 727 596 789 stupeant
606 723 747 772 lucescere
758 720 858 782 solem,

126 791 218 842 Altius
229 796 312 859 atque
325 791 427 842 cadant
436 793 581 842 summotis
591 791 710 841 nubibus
720 790 836 841 imbres:

127 860 266 926 lncipiant
274 860 361 911 silvae
371 876 455 928 quum
466 861 586 926 primum
596 875 723 927 surgere,
735 873 879 926 quumque

83 931 117 982 40
128 929 202 978 Rara
212 943 262 993 por
272 929 383 994 ignotos
394 934 488 980 errent
498 928 629 979 aninralia
639 934 756 979 montes.

126 998 201 1066 Hinc
211 997 317 1063 lapides
327 995 453 1063 Pyrrhae
463 999 563 1060 iactos,
574 996 707 1049 Saturnia
718 1013 814 1063 regna,

129 1067 330 1134 Caucasiasque
340 1064 429 1118 refert
438 1066 580 1128 volucres,
596 1065 759 1184 {putumque
769 1065 836 1117 Pro-

132 1154 137 1158 ·
542 1140 600 1186 met
621 1136 654 1186 ei.

126 1205 180 1257 His
190 1204 330 1271 adiungit,
339 1204 436 1271 Hylan
446 1208 548 1255 nautae
560 1220 615 1271 quo
626 1204 704 1255 fonte
715 1204 850 1256 relictum

129 1273 314 1336 clamassent,
324 1279 356 1324 ut
367 1273 446 1335 litus,
456 1272 546 1341 Hyla,
557 1274 648 1340 Hyla,
659 1289 740 1325 omne
752 1281 877 1325 sonaret

86 1348 120 1400 45
129 1345 167 1395 Et
177 1341 362 1406 fortunatam,
372 1344 396 1392 si
406 1359 546 1410 nunquam
557 1350 684 1394 armenta
693 1342 821 1405 fuissent,
875 1372 881 1383 ‹

130 1409 285 1477 Pasiphaen
295 1413 368 1462 nivei
379 1411 488 1463 solatur
497 1426 593 1463 amore
603 1413 720 1463 iuvenci.

129 1478 186 1543 nh,
196 1481 275 1547 virgo
285 1480 397 1544 infelix,
409 1495 479 1548 quae
489 1487 518 1532 te
528 1480 668 1533 dementia
678 1481 764 1548 cepit!

130 1549 276 1602 Proetides
286 1551 439 1616 implerunt
450 1550 528 1601 falsis
537 1551 687 1619 mugitibus
698 1565 794 1617 agros:

42 1625 48 1639 ‘
129 1621 167 1670 At
177 1633 231 1669 non
243 1625 300 1670 tam
310 1625 406 1686 turpes
417 1619 554 1685 pecudum
563 1625 657 1670 tamen
667 1620 727 1670 ulla
736 1626 833 1671 secuta
843 1629 886 1671 est

89 1683 122 1736 50
132 1687 312 1749 Concubitus,
325 1689 448 1755 quamvis
458 1688 531 1740 collo
541 1689 680 1739 timuisset
689 1695 824 1751 aratrum,

66 1756 70 1765 '
131 1757 169 1808 Et
178 1770 261 1821 saepe
270 1757 299 1805 in
310 1756 382 1808 laevi
392 1759 545 1824 quaesisset
555 1771 660 1809 cornua
672 1756 774 1809 t'rontc.

131 1822 188 1885 nh,
198 1826 275 1888 virgo
287 1822 398 1886 infelix,
409 1831 440 1875 tu
451 1840 524 1876 nune
533 1827 562 1876 in
573 1827 714 1877 arentibus
725 1842 817 1878 erras:

130 1891 198 1953 llle,
208 1891 281 1942 latus
291 1893 401 1942 niveum
413 1893 491 1944 molli
501 1892 589 1945 fultus
599 1893 760 1961 hyacintho,

131 1960 199 2012 llice
209 1961 259 2015 sub
270 1962 350 2025 nigra
359 1960 496 2027 pallentes
506 1965 629 2015 ruminat
640 1963 752 2027 herbas3

89 2028 705 2152 55dutaliquaminmagnosequilzurgrpge.
726 2033 865 2096 Claudite,

596 2118 622 2152 m
662 2118 704 2165 ae,

30 2197 42 2219 x
133 2168 268 2218 Dictaeae
277 2165 433 2236 Nymphae,
443 2118 595 2221 nemorurff
598 2118 654 2222 iassr
665 2171 885 2224 clauditesaltus

134 2235 164 2287 Si
175 2251 229 2302 qua
239 2234 313 2288 forte
322 2235 415 2290 ferant
426 2238 515 2289 oculis
523 2253 584 2291 sese
595 2241 676 2291 obvia
685 2241 790 2291 nostris

36 2306 39 2309 ’
134 2305 301 2359 Errabunda
310 2307 387 2358 bovis
397 2309 524 2374 vestigia:
540 2307 659 2360 forsitan
668 2309 758 2372 illum,

87 2409 92 2419 .
135 2377 192 2426 Aut
203 2371 289 2426 herba
299 2382 410 2442 captum
421 2377 514 2439 viridi,
524 2382 573 2429 aut
582 2383 710 2429 armenta
719 2383 857 2442 secutum,

90 2443 125 2498 60
136 2442 295 2494 Perducant
304 2443 415 2512 aliquae
424 2445 534 2497 stabula
543 2446 579 2498 ad
589 2447 728 2514 Gortynia
737 2463 848 2501 vaccae.

135 2513 209 2564 Tum
220 2514 295 2563 canit
303 2513 490 2580 Hesperidum
499 2517 629 2567 miratam
638 2516 714 2567 mala
724 2517 866 2584 puellan13

133 2582 204 2632 Tum
215 2579 455 2636 Phaethontiadas
464 2599 561 2637 musco
571 2584 726 2637 circumdat
733 2602 848 2637 amarae

99 2649 256 2716 -001’ficiss
270 2660 359 2728 atque
369 2655 434 2712 solo
445 2670 584 2736 proceras
594 2656 681 2724 erigo
689 2653 781 2706 alnos
