1882 3052
278 90 283 99 ’
315 124 526 181 avcomcn
548 126 636 181 acu.
659 130 681 180 1.
859 135 875 182 5

113 231 271 282 fortunate
280 242 380 297 senex,
390 227 532 293 hie,inter
540 228 732 282 fluminanoea

112 300 145 352 Et
155 299 255 352 fontes
263 313 374 363 saeros,
384 298 474 368 frigus
484 299 608 367 captabis
619 299 748 366 opacum!

111 368 187 421 Hinc
195 369 264 431 tibi,
275 383 347 436 quae
358 383 468 435 semper
477 370 568 420 ricino
578 369 612 421 ab
622 366 712 421 limite
721 383 801 434 sepes

113 437 252 505 Hyblaeis
263 436 361 504 apibus
371 436 468 489 ssorem
480 437 595 504 depasta
605 437 707 498 salicti,
886 442 918 491 55

89 511 92 515 '
113 508 203 574 Saepe
213 506 270 559 levi
281 520 409 560 somnum
419 507 548 559 suadebit
556 508 626 559 inire
637 521 760 558 susurro.

113 577 186 628 iiine
198 575 259 627 alta
268 575 320 627 sub
330 590 401 644 rupo
412 581 494 629 canet
504 575 653 628 frondator
663 576 698 628 ad
710 590 804 636 auras3

113 645 169 698 Nee
179 652 277 697 tamen
287 644 397 699 interea
407 659 522 709 raucae,
533 651 584 699 tua
594 660 674 708 eura,
685 645 839 712 palumbes,

113 715 168 768 Neo
178 728 296 782 gemere
307 716 384 767 aeria
394 714 516 768 cessabit
524 718 620 766 turtur
630 715 664 767 ab
675 714 759 765 ulmo.

112 783 156 836 Tr.
166 785 240 837 Ante
249 782 326 835 leves
335 798 403 852 ergo
412 785 600 850 pascenturin
612 782 726 836 aethere
736 786 819 845 cerri,
885 787 916 835 oo

47 886 50 905 1
113 854 147 905 Et
156 852 233 906 freta
244 852 401 906 destituent
410 854 499 906 nudos
508 855 537 904 in
548 854 632 906 litore
640 854 744 920 piscem

112 926 194 984 Ante,
204 924 361 990 pererratis
371 923 516 975 amborum
526 923 641 986 finibus,
652 921 730 975 exsul

113 994 165 1043 Aut
173 992 288 1044 Ararim
300 989 421 1043 Parthus
429 991 519 1055 bibet,
530 999 579 1043 aut
590 991 742 1044 Germania
752 991 874 1057 'rigrim3

113 1061 203 1124 Quam
213 1065 315 1112 nostro
325 1060 403 1112 illius
413 1058 525 1113 labatur
534 1067 650 1127 pectore
658 1061 760 1112 vultus.

113 1131 168 1182 sie.
177 1132 218 1182 nt
228 1126 354 1182 noshina
364 1129 413 1181 alii
422 1130 550 1183 sitientes
559 1131 661 1182 ibimus
669 1129 765 1191 Afros3
884 1129 916 1179 05

112 1197 874 1266 Parascythiametrapioumcrotameniomusoaxem,

111 1269 146 1322 Ei
153 1270 271 1337 penitus
281 1272 341 1321 toto
352 1268 456 1321 divisos
467 1270 534 1322 orbe
544 1270 706 1322 Britannos.

112 1340 302 1406 En,uuquam
312 1339 420 1405 patrios
429 1337 515 1407 longo
525 1345 589 1406 post
599 1347 725 1406 tempore
735 1340 813 1396 fines,

113 1406 251 1476 Pauperis
260 1411 291 1459 et
299 1411 395 1475 tuguri
406 1416 568 1477 congestum
578 1410 683 1475 cespite
692 1407 811 1465 eulmen,

113 1477 178 1541 Post
187 1477 314 1544 aliquot,
322 1482 387 1529 mea
395 1490 483 1544 regna
491 1476 600 1540 ridens,
610 1472 733 1528 mirabor
744 1474 863 1526 oristas?
885 1492 917 1539 70

112 1547 220 1614 Impius
230 1544 301 1597 haee
310 1549 367 1598 tam
378 1545 455 1598 culta
466 1545 577 1598 novalia
588 1546 666 1598 miles
678 1544 806 1598 habebiti

114 1616 257 1668 Barbarus
268 1612 319 1666 has
329 1614 454 1682 segetes!
469 1631 517 1679 en,
528 1630 583 1684 quo
595 1615 735 1667 discordia
747 1616 819 1666 cives

4 1667 11 1696 ³
113 1684 252 1737 Produxit
261 1681 393 1735 miseros!
409 1698 456 1747 en,
467 1689 529 1751 quis
539 1685 712 1737 consevimus
723 1684 818 1752 agros}

16 1962 23 1981 '
116 1961 304 2028 Dumosapen

113 1754 208 1807 Insere
219 1767 308 1814 nunc,
320 1752 472 1816 Meliboee,
483 1753 572 1821 piros,
583 1767 657 1822 pone
667 1754 764 1806 ordine
775 1755 852 1806 vites.

112 1823 152 1876 lte
162 1838 259 1886 meae,
271 1821 339 1874 felix
350 1821 487 1890 quondam
501 1837 597 1888 pecus,
607 1825 647 1875 ite
656 1823 791 1890 eapellae.
885 1822 917 1885 75

115 1892 172 1943 Non
183 1906 238 1960 ego
249 1906 299 1943 vos
307 1890 439 2012 gestias,
449 1892 531 1942 viridi
541 1894 682 1959 proiectus
692 1894 721 1943 in
732 1899 823 1946 antro.

328 1975 374 2014 ere
384 1961 483 2027 procul
494 1961 528 2014 de
538 1976 607 2028 rupe
616 1961 731 2025 rideb03

115 2033 247 2082 Carmina
258 2028 336 2081 nulla
345 2045 456 2093 carram3
467 2045 531 2093 noo,
541 2045 585 2083 me
594 2038 735 2097 pascente,
742 2031 875 2098 capellae.

114 2099 276 2153 Florentem
288 2100 407 2165 cytisum
419 2106 447 2152 et
457 2098 557 2151 salices
568 2099 689 2167 carpetis
699 2115 815 2153 amaras.

114 2171 155 2220 Tr.
166 2171 224 2223 Hie
234 2176 331 2220 tannen
342 2167 415 2221 hanc
426 2183 533 2221 urecum
544 2173 658 2236 poteras
668 2173 843 2238 requiescere
884 2171 917 2217 oo

532 2242 642 2289 noctem

117 2308 225 2360 Fronde
236 2318 322 2373 super
331 2304 426 2357 viridi:
440 2312 506 2357 sunt
516 2307 596 2358 nobis
607 2308 686 2358 mitia
696 2322 787 2373 poma,

116 2378 269 2429 Castaneae
279 2374 393 2438 molles,
404 2382 433 2427 et
444 2378 531 2442 pressi
542 2377 622 2442 copia
632 2376 726 2441 laetis;

117 2447 213 2498 Etiam
224 2459 336 2497 summa
345 2443 444 2512 procul
454 2444 585 2498 villarum
596 2445 720 2499 eulmina
729 2446 849 2509 inmani„

59 2538 63 2547 ·
118 2517 291 2577 maioresque
299 2513 482 2571 carnotenis
493 2516 530 2575 de
541 2521 690 2579 urentibus
699 2521 834 2579 ennianae.

396 2646 583 2674 Ἣ
