<?xml version="1.0" encoding="UTF-8"?>
<!DOCTYPE html PUBLIC "-//W3C//DTD XHTML 1.0 Transitional//EN"
    "http://www.w3.org/TR/xhtml1/DTD/xhtml1-transitional.dtd">
<html xmlns="http://www.w3.org/1999/xhtml" xml:lang="en" lang="en">
 <head>
  <title>
</title>
<meta http-equiv="Content-Type" content="text/html;charset=utf-8" />
  <meta name='ocr-system' content='tesseract 3.04.00' />
  <meta name='ocr-capabilities' content='ocr_page ocr_carea ocr_par ocr_line ocrx_word'/>
</head>
<body>
  <div class='ocr_page' id='page_1' title='image "./pvirgiliimaroni02virggoog/pvirgiliimaroni02virggoog_0335.png"; bbox 0 0 1882 3052; ppageno 0'>
   <div class='ocr_carea' id='block_1_1' title="bbox 158 85 760 186">
    <p class='ocr_par' dir='ltr' id='par_1_1' title="bbox 158 85 760 186">
     <span class='ocr_line' id='line_1_1' title="bbox 158 85 760 186; baseline -0.013 -1"><span class='ocrx_word' id='word_1_1' title='bbox 158 131 209 185; x_wconf 75' lang='lat'>³54</span> <span class='ocrx_word' id='word_1_2' title='bbox 315 129 346 182; x_wconf 90' lang='lat' dir='ltr'>P.</span> <span class='ocrx_word' id='word_1_3' title='bbox 365 85 547 186; x_wconf 76' lang='lat' dir='ltr'>VlllGlLll</span> <span class='ocrx_word' id='word_1_4' title='bbox 568 124 760 182; x_wconf 78' lang='lat' dir='ltr'>MARONIS</span> 
     </span>
    </p>
   </div>
   <div class='ocr_carea' id='block_1_2' title="bbox 98 228 848 2632">
    <p class='ocr_par' dir='ltr' id='par_1_2' title="bbox 98 228 848 2632">
     <span class='ocr_line' id='line_1_2' title="bbox 156 228 848 300; baseline -0.012 -14"><span class='ocrx_word' id='word_1_5' title='bbox 156 233 450 300; x_wconf 85' lang='lat' dir='ltr'>Dantsonituingcnti,</span> <span class='ocrx_word' id='word_1_6' title='bbox 457 231 651 299; x_wconf 84' lang='lat' dir='ltr'>perfractaque</span> <span class='ocrx_word' id='word_1_7' title='bbox 656 228 848 298; x_wconf 86' lang='lat' dir='ltr'>quadrupedar</span> 
     </span>
     <span class='ocr_line' id='line_1_3' title="bbox 98 300 848 369; baseline -0.011 -13"><span class='ocrx_word' id='word_1_8' title='bbox 98 312 147 364; x_wconf 74' lang='lat'>615</span> <span class='ocrx_word' id='word_1_9' title='bbox 157 304 277 357; x_wconf 78' lang='lat' dir='ltr'><strong>Pectora</strong></span> <span class='ocrx_word' id='word_1_10' title='bbox 287 303 446 369; x_wconf 81' lang='lat' dir='ltr'>pectoribus</span> <span class='ocrx_word' id='word_1_11' title='bbox 457 305 602 368; x_wconf 81' lang='lat' dir='ltr'>rumpunt3</span> <span class='ocrx_word' id='word_1_12' title='bbox 618 313 752 352; x_wconf 86' lang='lat' dir='ltr'>excussus</span> <span class='ocrx_word' id='word_1_13' title='bbox 762 300 848 349; x_wconf 75' lang='lat' dir='ltr'>heom</span> 
     </span>
     <span class='ocr_line' id='line_1_4' title="bbox 156 368 848 435; baseline -0.01 -11"><span class='ocrx_word' id='word_1_14' title='bbox 156 372 292 424; x_wconf 84' lang='lat' dir='ltr'>Fulminis</span> <span class='ocrx_word' id='word_1_15' title='bbox 302 372 331 421; x_wconf 92' lang='lat' dir='ltr'>in</span> <span class='ocrx_word' id='word_1_16' title='bbox 342 386 460 434; x_wconf 90' lang='lat' dir='ltr'>morem,</span> <span class='ocrx_word' id='word_1_17' title='bbox 470 376 520 421; x_wconf 89' lang='lat' dir='ltr'>aut</span> <span class='ocrx_word' id='word_1_18' title='bbox 529 374 670 422; x_wconf 83' lang='lat' dir='ltr'>tormento</span> <span class='ocrx_word' id='word_1_19' title='bbox 679 368 811 435; x_wconf 86' lang='lat' dir='ltr'>ponderis</span> <span class='ocrx_word' id='word_1_20' title='bbox 821 382 848 417; x_wconf 81' lang='lat' dir='ltr'>ac</span> 
     </span>
     <span class='ocr_line' id='line_1_5' title="bbox 157 438 848 509; baseline -0.012 -15"><span class='ocrx_word' id='word_1_21' title='bbox 157 441 327 508; x_wconf 77' lang='lat' dir='ltr'><strong>Praecipitat</strong></span> <span class='ocrx_word' id='word_1_22' title='bbox 336 440 431 507; x_wconf 86' lang='lat' dir='ltr'>longe,</span> <span class='ocrx_word' id='word_1_23' title='bbox 442 445 472 491; x_wconf 90' lang='lat' dir='ltr'>et</span> <span class='ocrx_word' id='word_1_24' title='bbox 480 441 567 490; x_wconf 81' lang='lat' dir='ltr'>vitam</span> <span class='ocrx_word' id='word_1_25' title='bbox 577 439 715 509; x_wconf 74' lang='lat' dir='ltr'>dispergit</span> <span class='ocrx_word' id='word_1_26' title='bbox 722 438 753 487; x_wconf 94' lang='lat' dir='ltr'>in</span> <span class='ocrx_word' id='word_1_27' title='bbox 763 451 848 487; x_wconf 90' lang='lat' dir='ltr'>auras</span> 
     </span>
     <span class='ocr_line' id='line_1_6' title="bbox 157 506 787 576; baseline -0.011 -13"><span class='ocrx_word' id='word_1_28' title='bbox 157 509 305 576; x_wconf 77' lang='lat' dir='ltr'>Extemplo</span> <span class='ocrx_word' id='word_1_29' title='bbox 314 509 443 573; x_wconf 87' lang='lat' dir='ltr'>turbatae</span> <span class='ocrx_word' id='word_1_30' title='bbox 454 510 541 571; x_wconf 88' lang='lat' dir='ltr'>acies,</span> <span class='ocrx_word' id='word_1_31' title='bbox 550 509 679 575; x_wconf 83' lang='lat' dir='ltr'>versique</span> <span class='ocrx_word' id='word_1_32' title='bbox 691 506 787 558; x_wconf 85' lang='lat' dir='ltr'>Latini</span> 
     </span>
     <span class='ocr_line' id='line_1_7' title="bbox 157 577 846 645; baseline -0.009 -15"><span class='ocrx_word' id='word_1_33' title='bbox 157 579 298 631; x_wconf 80' lang='lat' dir='ltr'>lleiiciunt</span> <span class='ocrx_word' id='word_1_34' title='bbox 307 592 432 645; x_wconf 82' lang='lat' dir='ltr'>parmas,</span> <span class='ocrx_word' id='word_1_35' title='bbox 443 582 473 629; x_wconf 87' lang='lat' dir='ltr'>et</span> <span class='ocrx_word' id='word_1_36' title='bbox 482 591 567 645; x_wconf 91' lang='lat' dir='ltr'>equos</span> <span class='ocrx_word' id='word_1_37' title='bbox 578 577 614 628; x_wconf 91' lang='lat' dir='ltr'>ad</span> <span class='ocrx_word' id='word_1_38' title='bbox 624 577 739 627; x_wconf 84' lang='lat' dir='ltr'>moenia</span> <span class='ocrx_word' id='word_1_39' title='bbox 747 578 846 628; x_wconf 86' lang='lat' dir='ltr'>rertun</span> 
     </span>
     <span class='ocr_line' id='line_1_8' title="bbox 101 644 848 714; baseline -0.009 -14"><span class='ocrx_word' id='word_1_40' title='bbox 101 660 149 711; x_wconf 74' lang='lat'>520</span> <span class='ocrx_word' id='word_1_41' title='bbox 159 651 248 700; x_wconf 86' lang='lat' dir='ltr'>&#39;l&#39;roes</span> <span class='ocrx_word' id='word_1_42' title='bbox 259 651 359 714; x_wconf 81' lang='lat' dir='ltr'>agunt3</span> <span class='ocrx_word' id='word_1_43' title='bbox 370 648 496 713; x_wconf 86' lang='lat' dir='ltr'>princeps</span> <span class='ocrx_word' id='word_1_44' title='bbox 505 651 613 696; x_wconf 81' lang='lat' dir='ltr'>turmas</span> <span class='ocrx_word' id='word_1_45' title='bbox 623 645 732 697; x_wconf 86' lang='lat' dir='ltr'>inducit</span> <span class='ocrx_word' id='word_1_46' title='bbox 741 644 848 711; x_wconf 79' lang='lat' dir='ltr'>Asylas.</span> 
     </span>
     <span class='ocr_line' id='line_1_9' title="bbox 158 714 848 783; baseline -0.009 -15"><span class='ocrx_word' id='word_1_47' title='bbox 158 719 271 782; x_wconf 85' lang='lat' dir='ltr'>lamque</span> <span class='ocrx_word' id='word_1_48' title='bbox 282 716 505 783; x_wconf 81' lang='lat' dir='ltr'>propinquabant</span> <span class='ocrx_word' id='word_1_49' title='bbox 515 716 615 781; x_wconf 89' lang='lat' dir='ltr'>portis,</span> <span class='ocrx_word' id='word_1_50' title='bbox 627 729 782 781; x_wconf 85' lang='lat' dir='ltr'>rursusque</span> <span class='ocrx_word' id='word_1_51' title='bbox 792 714 848 765; x_wconf 80' lang='lat' dir='ltr'>Lat</span> 
     </span>
     <span class='ocr_line' id='line_1_10' title="bbox 160 782 845 846; baseline -0.007 -10"><span class='ocrx_word' id='word_1_52' title='bbox 160 784 314 836; x_wconf 85' lang='lat' dir='ltr'>Clamorem</span> <span class='ocrx_word' id='word_1_53' title='bbox 325 784 442 846; x_wconf 87' lang='lat' dir='ltr'>tollunt,</span> <span class='ocrx_word' id='word_1_54' title='bbox 454 790 484 835; x_wconf 86' lang='lat' dir='ltr'>et</span> <span class='ocrx_word' id='word_1_55' title='bbox 492 784 588 835; x_wconf 90' lang='lat' dir='ltr'>mollia</span> <span class='ocrx_word' id='word_1_56' title='bbox 598 783 672 836; x_wconf 92' lang='lat' dir='ltr'>colla</span> <span class='ocrx_word' id='word_1_57' title='bbox 681 782 845 844; x_wconf 81' lang='lat' dir='ltr'>reflectunt3</span> 
     </span>
     <span class='ocr_line' id='line_1_11' title="bbox 158 850 848 920; baseline -0.003 -18"><span class='ocrx_word' id='word_1_58' title='bbox 158 853 197 906; x_wconf 84' lang='lat' dir='ltr'>lli</span> <span class='ocrx_word' id='word_1_59' title='bbox 207 851 330 920; x_wconf 84' lang='lat' dir='ltr'>fugiunt,</span> <span class='ocrx_word' id='word_1_60' title='bbox 341 855 506 920; x_wconf 88' lang='lat' dir='ltr'>penitusque</span> <span class='ocrx_word' id='word_1_61' title='bbox 517 854 589 904; x_wconf 85' lang='lat' dir='ltr'>datis</span> <span class='ocrx_word' id='word_1_62' title='bbox 599 852 764 905; x_wconf 80' lang='lat' dir='ltr'>reseruntur</span> <span class='ocrx_word' id='word_1_63' title='bbox 774 850 848 903; x_wconf 69' lang='lat' dir='ltr'>habe]</span> 
     </span>
     <span class='ocr_line' id='line_1_12' title="bbox 159 921 848 989; baseline 0.007 -18"><span class='ocrx_word' id='word_1_64' title='bbox 159 921 257 984; x_wconf 75' lang='lat' dir='ltr'>Qualis</span> <span class='ocrx_word' id='word_1_65' title='bbox 267 923 316 972; x_wconf 91' lang='lat' dir='ltr'>ubi</span> <span class='ocrx_word' id='word_1_66' title='bbox 325 923 435 974; x_wconf 80' lang='lat' dir='ltr'>alterno</span> <span class='ocrx_word' id='word_1_67' title='bbox 446 936 612 989; x_wconf 82' lang='lat' dir='ltr'>procurrens</span> <span class='ocrx_word' id='word_1_68' title='bbox 622 923 734 989; x_wconf 76' lang='lat' dir='ltr'>gurgite</span> <span class='ocrx_word' id='word_1_69' title='bbox 744 927 848 988; x_wconf 81' lang='lat' dir='ltr'>pontus</span> 
     </span>
     <span class='ocr_line' id='line_1_13' title="bbox 101 991 848 1059; baseline -0.008 -15"><span class='ocrx_word' id='word_1_70' title='bbox 101 991 150 1044; x_wconf 79' lang='lat'>625</span> <span class='ocrx_word' id='word_1_71' title='bbox 160 991 241 1043; x_wconf 87' lang='lat' dir='ltr'>Nunc</span> <span class='ocrx_word' id='word_1_72' title='bbox 250 992 308 1040; x_wconf 88' lang='lat' dir='ltr'>ruit</span> <span class='ocrx_word' id='word_1_73' title='bbox 316 991 352 1043; x_wconf 89' lang='lat' dir='ltr'>ad</span> <span class='ocrx_word' id='word_1_74' title='bbox 362 996 463 1054; x_wconf 89' lang='lat' dir='ltr'>terras,</span> <span class='ocrx_word' id='word_1_75' title='bbox 471 992 848 1059; x_wconf 83' lang='lat' dir='ltr'>scopulosquesuperiacitur</span> 
     </span>
     <span class='ocr_line' id='line_1_14' title="bbox 161 1058 848 1127; baseline -0.003 -17"><span class='ocrx_word' id='word_1_76' title='bbox 161 1059 313 1125; x_wconf 84' lang='lat' dir='ltr'>Spumeus,</span> <span class='ocrx_word' id='word_1_77' title='bbox 322 1064 530 1127; x_wconf 79' lang='lat' dir='ltr'>extremamque</span> <span class='ocrx_word' id='word_1_78' title='bbox 539 1062 601 1111; x_wconf 90' lang='lat' dir='ltr'>sinu</span> <span class='ocrx_word' id='word_1_79' title='bbox 612 1058 758 1126; x_wconf 82' lang='lat' dir='ltr'>perfundit</span> <span class='ocrx_word' id='word_1_80' title='bbox 768 1073 848 1111; x_wconf 83' lang='lat' dir='ltr'>arena</span> 
     </span>
     <span class='ocr_line' id='line_1_15' title="bbox 160 1127 848 1196; baseline -0.003 -15"><span class='ocrx_word' id='word_1_81' title='bbox 160 1129 241 1181; x_wconf 89' lang='lat' dir='ltr'>Nunc</span> <span class='ocrx_word' id='word_1_82' title='bbox 247 1127 361 1194; x_wconf 86' lang='lat' dir='ltr'>rapidus</span> <span class='ocrx_word' id='word_1_83' title='bbox 368 1133 454 1191; x_wconf 87' lang='lat' dir='ltr'>retro,</span> <span class='ocrx_word' id='word_1_84' title='bbox 461 1134 546 1196; x_wconf 83' lang='lat' dir='ltr'>atque</span> <span class='ocrx_word' id='word_1_85' title='bbox 553 1134 632 1181; x_wconf 87' lang='lat' dir='ltr'>aestu</span> <span class='ocrx_word' id='word_1_86' title='bbox 638 1129 848 1181; x_wconf 84' lang='lat' dir='ltr'>revolutaresor</span> 
     </span>
     <span class='ocr_line' id='line_1_16' title="bbox 162 1195 835 1265; baseline -0.001 -16"><span class='ocrx_word' id='word_1_87' title='bbox 162 1197 247 1258; x_wconf 86' lang='lat' dir='ltr'>Saxa,</span> <span class='ocrx_word' id='word_1_88' title='bbox 258 1195 343 1262; x_wconf 83' lang='lat' dir='ltr'>fugit,</span> <span class='ocrx_word' id='word_1_89' title='bbox 354 1196 476 1263; x_wconf 87' lang='lat' dir='ltr'>litusque</span> <span class='ocrx_word' id='word_1_90' title='bbox 487 1199 558 1251; x_wconf 75' lang='lat' dir='ltr'>vado</span> <span class='ocrx_word' id='word_1_91' title='bbox 569 1198 681 1250; x_wconf 89' lang='lat' dir='ltr'>labente</span> <span class='ocrx_word' id='word_1_92' title='bbox 691 1196 835 1265; x_wconf 84' lang='lat' dir='ltr'>relinquit.</span> 
     </span>
     <span class='ocr_line' id='line_1_17' title="bbox 160 1264 813 1332; baseline -0.003 -15"><span class='ocrx_word' id='word_1_93' title='bbox 160 1266 208 1317; x_wconf 90' lang='lat' dir='ltr'>Bis</span> <span class='ocrx_word' id='word_1_94' title='bbox 218 1266 305 1316; x_wconf 82' lang='lat' dir='ltr'>&#39;lusci</span> <span class='ocrx_word' id='word_1_95' title='bbox 314 1264 432 1316; x_wconf 89' lang='lat' dir='ltr'>Rutulos</span> <span class='ocrx_word' id='word_1_96' title='bbox 443 1281 526 1332; x_wconf 84' lang='lat' dir='ltr'>egere</span> <span class='ocrx_word' id='word_1_97' title='bbox 536 1264 572 1319; x_wconf 88' lang='lat' dir='ltr'>ad</span> <span class='ocrx_word' id='word_1_98' title='bbox 582 1268 692 1319; x_wconf 89' lang='lat' dir='ltr'>moenia</span> <span class='ocrx_word' id='word_1_99' title='bbox 702 1282 813 1319; x_wconf 87' lang='lat' dir='ltr'>versos:</span> 
     </span>
     <span class='ocr_line' id='line_1_18' title="bbox 101 1335 819 1404; baseline -0.006 -14"><span class='ocrx_word' id='word_1_100' title='bbox 101 1338 152 1392; x_wconf 78' lang='lat' dir='ltr'>aso</span> <span class='ocrx_word' id='word_1_101' title='bbox 160 1336 208 1386; x_wconf 86' lang='lat' dir='ltr'>Bis</span> <span class='ocrx_word' id='word_1_102' title='bbox 219 1335 316 1387; x_wconf 88' lang='lat' dir='ltr'>reiecti</span> <span class='ocrx_word' id='word_1_103' title='bbox 327 1335 411 1385; x_wconf 86' lang='lat' dir='ltr'>armis</span> <span class='ocrx_word' id='word_1_104' title='bbox 422 1341 581 1401; x_wconf 80' lang='lat' dir='ltr'>respectant</span> <span class='ocrx_word' id='word_1_105' title='bbox 590 1341 671 1403; x_wconf 86' lang='lat' dir='ltr'>terga</span> <span class='ocrx_word' id='word_1_106' title='bbox 680 1340 819 1404; x_wconf 85' lang='lat' dir='ltr'>tegentes.</span> 
     </span>
     <span class='ocr_line' id='line_1_19' title="bbox 160 1404 848 1472; baseline -0.003 -16"><span class='ocrx_word' id='word_1_107' title='bbox 160 1406 259 1456; x_wconf 88' lang='lat' dir='ltr'>Tertia</span> <span class='ocrx_word' id='word_1_108' title='bbox 268 1404 318 1455; x_wconf 86' lang='lat' dir='ltr'>scd</span> <span class='ocrx_word' id='word_1_109' title='bbox 329 1408 476 1470; x_wconf 85' lang='lat' dir='ltr'>postquam</span> <span class='ocrx_word' id='word_1_110' title='bbox 486 1407 627 1472; x_wconf 82' lang='lat' dir='ltr'>congressi</span> <span class='ocrx_word' id='word_1_111' title='bbox 636 1407 664 1454; x_wconf 89' lang='lat' dir='ltr'>in</span> <span class='ocrx_word' id='word_1_112' title='bbox 675 1405 800 1471; x_wconf 82' lang='lat' dir='ltr'>proelia,</span> <span class='ocrx_word' id='word_1_113' title='bbox 810 1409 848 1457; x_wconf 77' lang='lat' dir='ltr'>tot</span> 
     </span>
     <span class='ocr_line' id='line_1_20' title="bbox 159 1473 845 1540; baseline -0.006 -14"><span class='ocrx_word' id='word_1_114' title='bbox 159 1474 325 1539; x_wconf 91' lang='lat' dir='ltr'>lmplicuere</span> <span class='ocrx_word' id='word_1_115' title='bbox 335 1474 409 1524; x_wconf 84' lang='lat' dir='ltr'>inter</span> <span class='ocrx_word' id='word_1_116' title='bbox 418 1489 448 1524; x_wconf 88' lang='lat' dir='ltr'>se</span> <span class='ocrx_word' id='word_1_117' title='bbox 458 1474 543 1536; x_wconf 89' lang='lat' dir='ltr'>acies,</span> <span class='ocrx_word' id='word_1_118' title='bbox 554 1473 677 1540; x_wconf 85' lang='lat' dir='ltr'>legitque</span> <span class='ocrx_word' id='word_1_119' title='bbox 685 1474 779 1524; x_wconf 81' lang='lat' dir='ltr'>virum</span> <span class='ocrx_word' id='word_1_120' title='bbox 791 1476 845 1525; x_wconf 84' lang='lat' dir='ltr'>vir:</span> 
     </span>
     <span class='ocr_line' id='line_1_21' title="bbox 161 1543 848 1610; baseline -0.004 -15"><span class='ocrx_word' id='word_1_121' title='bbox 161 1546 234 1595; x_wconf 87' lang='lat' dir='ltr'>Tum</span> <span class='ocrx_word' id='word_1_122' title='bbox 239 1556 305 1594; x_wconf 83' lang='lat' dir='ltr'>vero</span> <span class='ocrx_word' id='word_1_123' title='bbox 312 1547 340 1594; x_wconf 89' lang='lat' dir='ltr'>et</span> <span class='ocrx_word' id='word_1_124' title='bbox 344 1543 463 1608; x_wconf 88' lang='lat' dir='ltr'>gemitus</span> <span class='ocrx_word' id='word_1_125' title='bbox 468 1545 644 1604; x_wconf 88' lang='lat' dir='ltr'>morientum,</span> <span class='ocrx_word' id='word_1_126' title='bbox 654 1543 848 1610; x_wconf 79' lang='lat' dir='ltr'>etsanguineb</span> 
     </span>
     <span class='ocr_line' id='line_1_22' title="bbox 161 1611 848 1679; baseline 0.001 -16"><span class='ocrx_word' id='word_1_127' title='bbox 161 1614 312 1679; x_wconf 77' lang='lat' dir='ltr'>Armaque,</span> <span class='ocrx_word' id='word_1_128' title='bbox 322 1625 506 1678; x_wconf 89' lang='lat' dir='ltr'>corporaque,</span> <span class='ocrx_word' id='word_1_129' title='bbox 518 1617 547 1663; x_wconf 88' lang='lat' dir='ltr'>et</span> <span class='ocrx_word' id='word_1_130' title='bbox 558 1611 687 1678; x_wconf 83' lang='lat' dir='ltr'>permixti</span> <span class='ocrx_word' id='word_1_131' title='bbox 703 1612 791 1664; x_wconf 88' lang='lat' dir='ltr'>caede</span> <span class='ocrx_word' id='word_1_132' title='bbox 802 1613 848 1664; x_wconf 78' lang='lat' dir='ltr'>vir·</span> 
     </span>
     <span class='ocr_line' id='line_1_23' title="bbox 102 1681 848 1747; baseline -0.003 -14"><span class='ocrx_word' id='word_1_133' title='bbox 102 1687 152 1742; x_wconf 75' lang='lat'>635</span> <span class='ocrx_word' id='word_1_134' title='bbox 163 1681 333 1735; x_wconf 83' lang='lat' dir='ltr'>Semanimes</span> <span class='ocrx_word' id='word_1_135' title='bbox 343 1681 490 1731; x_wconf 83' lang='lat' dir='ltr'>volvuntur</span> <span class='ocrx_word' id='word_1_136' title='bbox 500 1683 576 1747; x_wconf 82' lang='lat' dir='ltr'>equi3</span> <span class='ocrx_word' id='word_1_137' title='bbox 587 1694 681 1747; x_wconf 87' lang='lat' dir='ltr'>pugna</span> <span class='ocrx_word' id='word_1_138' title='bbox 691 1694 795 1746; x_wconf 90' lang='lat' dir='ltr'>aspera</span> <span class='ocrx_word' id='word_1_139' title='bbox 804 1697 848 1732; x_wconf 86' lang='lat' dir='ltr'>sur</span> 
     </span>
     <span class='ocr_line' id='line_1_24' title="bbox 162 1745 848 1817; baseline -0.003 -16"><span class='ocrx_word' id='word_1_140' title='bbox 162 1747 325 1801; x_wconf 87' lang='lat' dir='ltr'>Orsilochus</span> <span class='ocrx_word' id='word_1_141' title='bbox 336 1749 457 1812; x_wconf 87' lang='lat' dir='ltr'>Remuli,</span> <span class='ocrx_word' id='word_1_142' title='bbox 469 1750 578 1817; x_wconf 83' lang='lat' dir='ltr'>quando</span> <span class='ocrx_word' id='word_1_143' title='bbox 588 1751 680 1815; x_wconf 88' lang='lat' dir='ltr'>ipsum</span> <span class='ocrx_word' id='word_1_144' title='bbox 691 1745 829 1802; x_wconf 86' lang='lat' dir='ltr'>horrebat</span> <span class='ocrx_word' id='word_1_145' title='bbox 840 1765 848 1799; x_wconf 82' lang='grc' dir='ltr'><em>ε</em></span> 
     </span>
     <span class='ocr_line' id='line_1_25' title="bbox 161 1818 848 1886; baseline 0 -16"><span class='ocrx_word' id='word_1_146' title='bbox 161 1822 279 1870; x_wconf 86' lang='lat' dir='ltr'>Hastam</span> <span class='ocrx_word' id='word_1_147' title='bbox 290 1820 405 1869; x_wconf 85' lang='lat' dir='ltr'>intorsit</span> <span class='ocrx_word' id='word_1_148' title='bbox 414 1834 495 1886; x_wconf 89' lang='lat' dir='ltr'>equo,</span> <span class='ocrx_word' id='word_1_149' title='bbox 500 1818 718 1885; x_wconf 85' lang='lat' dir='ltr'>ferrumquesub</span> <span class='ocrx_word' id='word_1_150' title='bbox 725 1835 797 1872; x_wconf 89' lang='lat' dir='ltr'>aure</span> <span class='ocrx_word' id='word_1_151' title='bbox 802 1819 848 1872; x_wconf 86' lang='lat' dir='ltr'>rel</span> 
     </span>
     <span class='ocr_line' id='line_1_26' title="bbox 162 1887 848 1956; baseline 0.003 -18"><span class='ocrx_word' id='word_1_152' title='bbox 162 1889 223 1950; x_wconf 75' lang='lat' dir='ltr'>Quo</span> <span class='ocrx_word' id='word_1_153' title='bbox 234 1890 346 1953; x_wconf 86' lang='lat' dir='ltr'>sonipes</span> <span class='ocrx_word' id='word_1_154' title='bbox 356 1889 414 1939; x_wconf 82' lang='lat' dir='ltr'>ictu</span> <span class='ocrx_word' id='word_1_155' title='bbox 426 1887 494 1938; x_wconf 87' lang='lat' dir='ltr'>furit</span> <span class='ocrx_word' id='word_1_156' title='bbox 505 1889 620 1950; x_wconf 85' lang='lat' dir='ltr'>arduus,</span> <span class='ocrx_word' id='word_1_157' title='bbox 631 1888 748 1956; x_wconf 86' lang='lat' dir='ltr'>altaque</span> <span class='ocrx_word' id='word_1_158' title='bbox 758 1890 848 1941; x_wconf 86' lang='lat' dir='ltr'>iactat</span> 
     </span>
     <span class='ocr_line' id='line_1_27' title="bbox 161 1957 803 2023; baseline 0 -14"><span class='ocrx_word' id='word_1_159' title='bbox 161 1957 294 2009; x_wconf 89' lang='lat' dir='ltr'>Vulneris</span> <span class='ocrx_word' id='word_1_160' title='bbox 303 1957 451 2022; x_wconf 85' lang='lat' dir='ltr'>impatiens</span> <span class='ocrx_word' id='word_1_161' title='bbox 462 1963 572 2008; x_wconf 86' lang='lat' dir='ltr'>arrecto</span> <span class='ocrx_word' id='word_1_162' title='bbox 582 1963 696 2023; x_wconf 89' lang='lat' dir='ltr'>pectore</span> <span class='ocrx_word' id='word_1_163' title='bbox 707 1974 803 2010; x_wconf 88' lang='lat' dir='ltr'>crura.</span> 
     </span>
     <span class='ocr_line' id='line_1_28' title="bbox 102 2025 845 2090; baseline 0.001 -13"><span class='ocrx_word' id='word_1_164' title='bbox 102 2029 151 2082; x_wconf 73' lang='lat'>640</span> <span class='ocrx_word' id='word_1_165' title='bbox 161 2026 288 2077; x_wconf 84' lang='lat' dir='ltr'>Volvitur</span> <span class='ocrx_word' id='word_1_166' title='bbox 299 2026 347 2077; x_wconf 88' lang='lat' dir='ltr'>ille</span> <span class='ocrx_word' id='word_1_167' title='bbox 359 2041 491 2076; x_wconf 79' lang='lat' dir='ltr'>excussus</span> <span class='ocrx_word' id='word_1_168' title='bbox 501 2025 586 2078; x_wconf 82' lang='lat' dir='ltr'>humi.</span> <span class='ocrx_word' id='word_1_169' title='bbox 624 2026 744 2078; x_wconf 89' lang='lat' dir='ltr'>Catillus</span> <span class='ocrx_word' id='word_1_170' title='bbox 755 2029 845 2090; x_wconf 91' lang='lat' dir='ltr'>lolan,</span> 
     </span>
     <span class='ocr_line' id='line_1_29' title="bbox 159 2095 848 2163; baseline 0 -16"><span class='ocrx_word' id='word_1_171' title='bbox 159 2098 359 2161; x_wconf 85' lang='lat' dir='ltr'>lugentemque</span> <span class='ocrx_word' id='word_1_172' title='bbox 370 2095 481 2157; x_wconf 91' lang='lat' dir='ltr'>animis,</span> <span class='ocrx_word' id='word_1_173' title='bbox 492 2097 633 2162; x_wconf 86' lang='lat' dir='ltr'>ingentem</span> <span class='ocrx_word' id='word_1_174' title='bbox 645 2110 766 2163; x_wconf 90' lang='lat' dir='ltr'>corpore</span> <span class='ocrx_word' id='word_1_175' title='bbox 777 2104 807 2149; x_wconf 90' lang='lat' dir='ltr'>et</span> <span class='ocrx_word' id='word_1_176' title='bbox 817 2113 848 2148; x_wconf 91' lang='lat' dir='ltr'>ar</span> 
     </span>
     <span class='ocr_line' id='line_1_30' title="bbox 160 2162 811 2218; baseline 0.006 -4"><span class='ocrx_word' id='word_1_177' title='bbox 160 2164 264 2214; x_wconf 88' lang='lat' dir='ltr'>Deiicit</span> <span class='ocrx_word' id='word_1_178' title='bbox 273 2162 462 2214; x_wconf 84' lang='lat' dir='ltr'>Herminium:</span> <span class='ocrx_word' id='word_1_179' title='bbox 474 2165 548 2216; x_wconf 91' lang='lat' dir='ltr'>nudo</span> <span class='ocrx_word' id='word_1_180' title='bbox 560 2167 604 2217; x_wconf 90' lang='lat' dir='ltr'>cui</span> <span class='ocrx_word' id='word_1_181' title='bbox 615 2168 719 2217; x_wconf 89' lang='lat' dir='ltr'>vertice</span> <span class='ocrx_word' id='word_1_182' title='bbox 731 2165 811 2218; x_wconf 82' lang='lat' dir='ltr'>fulva</span> 
     </span>
     <span class='ocr_line' id='line_1_31' title="bbox 162 2230 848 2298; baseline 0.003 -16"><span class='ocrx_word' id='word_1_183' title='bbox 162 2233 317 2292; x_wconf 87' lang='lat' dir='ltr'>Caesaries,</span> <span class='ocrx_word' id='word_1_184' title='bbox 328 2230 449 2298; x_wconf 89' lang='lat' dir='ltr'>nudique</span> <span class='ocrx_word' id='word_1_185' title='bbox 460 2233 581 2298; x_wconf 82' lang='lat' dir='ltr'>humeri3</span> <span class='ocrx_word' id='word_1_186' title='bbox 593 2250 644 2286; x_wconf 89' lang='lat' dir='ltr'>nec</span> <span class='ocrx_word' id='word_1_187' title='bbox 653 2235 774 2288; x_wconf 87' lang='lat' dir='ltr'>vulnera</span> <span class='ocrx_word' id='word_1_188' title='bbox 784 2242 848 2287; x_wconf 66' lang='lat' dir='ltr'>terr«</span> 
     </span>
     <span class='ocr_line' id='line_1_32' title="bbox 159 2302 847 2372; baseline 0.004 -20"><span class='ocrx_word' id='word_1_189' title='bbox 159 2302 267 2352; x_wconf 80' lang='lat' dir='ltr'>Tantus</span> <span class='ocrx_word' id='word_1_190' title='bbox 277 2303 306 2350; x_wconf 93' lang='lat' dir='ltr'>in</span> <span class='ocrx_word' id='word_1_191' title='bbox 317 2315 397 2351; x_wconf 85' lang='lat' dir='ltr'>arma</span> <span class='ocrx_word' id='word_1_192' title='bbox 406 2307 491 2366; x_wconf 89' lang='lat' dir='ltr'>patet.</span> <span class='ocrx_word' id='word_1_193' title='bbox 511 2304 599 2354; x_wconf 89' lang='lat' dir='ltr'>Latos</span> <span class='ocrx_word' id='word_1_194' title='bbox 610 2303 673 2354; x_wconf 89' lang='lat' dir='ltr'>huie</span> <span class='ocrx_word' id='word_1_195' title='bbox 684 2304 847 2372; x_wconf 87' lang='lat' dir='ltr'>hastapera</span> 
     </span>
     <span class='ocr_line' id='line_1_33' title="bbox 101 2370 846 2438; baseline 0 -14"><span class='ocrx_word' id='word_1_196' title='bbox 101 2370 150 2424; x_wconf 72' lang='lat'>615</span> <span class='ocrx_word' id='word_1_197' title='bbox 159 2372 228 2423; x_wconf 82' lang='lat' dir='ltr'>Acta</span> <span class='ocrx_word' id='word_1_198' title='bbox 237 2371 345 2431; x_wconf 90' lang='lat' dir='ltr'>tremit,</span> <span class='ocrx_word' id='word_1_199' title='bbox 358 2371 536 2438; x_wconf 83' lang='lat' dir='ltr'>duplicatque</span> <span class='ocrx_word' id='word_1_200' title='bbox 548 2375 638 2424; x_wconf 79' lang='lat' dir='ltr'>virum</span> <span class='ocrx_word' id='word_1_201' title='bbox 649 2375 789 2425; x_wconf 82' lang='lat' dir='ltr'>transfixa</span> <span class='ocrx_word' id='word_1_202' title='bbox 799 2375 846 2424; x_wconf 91' lang='lat' dir='ltr'>dol</span> 
     </span>
     <span class='ocr_line' id='line_1_34' title="bbox 159 2440 848 2507; baseline 0.006 -16"><span class='ocrx_word' id='word_1_203' title='bbox 159 2440 297 2491; x_wconf 87' lang='lat' dir='ltr'>Funditur</span> <span class='ocrx_word' id='word_1_204' title='bbox 307 2444 369 2490; x_wconf 88' lang='lat' dir='ltr'>ater</span> <span class='ocrx_word' id='word_1_205' title='bbox 379 2440 480 2507; x_wconf 89' lang='lat' dir='ltr'>ubique</span> <span class='ocrx_word' id='word_1_206' title='bbox 492 2456 589 2505; x_wconf 83' lang='lat' dir='ltr'>cruor3</span> <span class='ocrx_word' id='word_1_207' title='bbox 604 2441 672 2492; x_wconf 82' lang='lat' dir='ltr'>dant</span> <span class='ocrx_word' id='word_1_208' title='bbox 682 2442 787 2495; x_wconf 85' lang='lat' dir='ltr'>funera</span> <span class='ocrx_word' id='word_1_209' title='bbox 797 2443 848 2495; x_wconf 80' lang='lat' dir='ltr'>ferr</span> 
     </span>
     <span class='ocr_line' id='line_1_35' title="bbox 160 2506 848 2578; baseline 0.003 -16"><span class='ocrx_word' id='word_1_210' title='bbox 160 2512 320 2572; x_wconf 81' lang='lat' dir='ltr'>Certantes,</span> <span class='ocrx_word' id='word_1_211' title='bbox 329 2506 527 2577; x_wconf 90' lang='lat' dir='ltr'>pulchramque</span> <span class='ocrx_word' id='word_1_212' title='bbox 537 2517 636 2577; x_wconf 86' lang='lat' dir='ltr'>petunt</span> <span class='ocrx_word' id='word_1_213' title='bbox 646 2526 697 2578; x_wconf 90' lang='lat' dir='ltr'>per</span> <span class='ocrx_word' id='word_1_214' title='bbox 706 2513 848 2565; x_wconf 76' lang='lat' dir='ltr'>vulnerer</span> 
     </span>
     <span class='ocr_line' id='line_1_36' title="bbox 572 2586 643 2632; baseline -0.042 0"><span class='ocrx_word' id='word_1_215' title='bbox 572 2586 643 2632; x_wconf 67' lang='lat' dir='ltr'>tem,</span> 
     </span>
    </p>
   </div>
   <div class='ocr_carea' id='block_1_3' title="bbox 193 2649 834 2714">
    <p class='ocr_par' dir='ltr' id='par_1_3' title="bbox 193 2649 834 2714">
     <span class='ocr_line' id='line_1_37' title="bbox 193 2649 834 2714; baseline -0.027 -2"><span class='ocrx_word' id='word_1_216' title='bbox 193 2658 232 2714; x_wconf 79' lang='lat' dir='ltr'>At</span> <span class='ocrx_word' id='word_1_217' title='bbox 250 2652 446 2712; x_wconf 78' lang='lat' dir='ltr'>mediasiuter</span> <span class='ocrx_word' id='word_1_218' title='bbox 458 2649 560 2704; x_wconf 73' lang='lat' dir='ltr'>coedes</span> <span class='ocrx_word' id='word_1_219' title='bbox 569 2649 834 2707; x_wconf 53' lang='lat' dir='ltr'>emmeramensis,</span> 
     </span>
    </p>
   </div>
   <div class='ocr_carea' id='block_1_4' title="bbox 0 0 946 3052">
    <p class='ocr_par' dir='ltr' id='par_1_4' title="bbox 0 0 946 3052">
     <span class='ocr_line' id='line_1_38' title="bbox 0 0 946 3052; baseline 0 0"><span class='ocrx_word' id='word_1_220' title='bbox 0 0 946 3052; x_wconf 95' lang='lat' dir='ltr'> </span> 
     </span>
    </p>
   </div>
  </div>
 </body>
</html>
