1882 3052
187 169 238 249 ‚nr
340 169 374 224 Ρ.»
391 167 576 227 viuerun
598 161 790 220 uine-ms

221 275 258 325 At
267 274 365 342 regina
375 273 456 326 dolos
467 273 540 340 (quis
551 270 649 323 fallere
659 271 748 335 possit
758 268 923 327 amantem.)

186 342 361 406 Praeseusit,
371 349 517 408 motusque
529 342 640 405 excepit
648 341 738 404 prima
747 337 868 398 hrturos,

187 411 289 463 Omnia
298 417 361 463 tuta
370 414 480 462 timeus.
498 409 604 460 Eodem
614 406 800 474 impla-Fama
809 405 909 457 furenti

187 482 311 543 Detulit,
321 481 423 532 armari
434 478 566 539 classem,
578 492 745 545 cursumque
755 476 860 543 parati.
929 524 932 531 ,

128 548 179 600 ooo
189 549 284 602 Saevit
293 551 372 614 inops
383 548 482 608 animi,
492 551 638 612 totamque
648 548 762 598 incensa
772 558 824 611 per
834 544 924 595 urbem

188 618 357 669 Bacchatur:
374 615 465 682 qualis
476 617 621 666 commotis
633 618 723 666 excita
733 615 823 666 sacris

189 685 309 752 Thyias,
319 685 367 737 ubi
378 685 474 735 audito
486 684 632 734 stimulant
642 685 788 737 trieterica
799 681 906 734 Bacche

189 754 289 822 Orgia,
299 759 508 820 nocturnusque
516 758 598 804 vocat
609 754 732 805 clamore
743 752 901 804 Cithaeron.

188 824 315 875 Tandem
326 821 368 874 his
378 824 490 874 Aenean
500 823 651 888 compellat
660 823 774 874 vocibus
786 822 874 873 ultro:

130 891 179 945 505
224 892 409 944 Dissimulare
421 895 504 944 etiarn
516 893 647 958 sperasti,
658 893 777 959 perfide,
787 896 896 942 tanturn

188 960 274 1014 Posse
284 961 377 1025 nefas,
388 964 545 1030 tacitusque
556 977 618 1013 mea
628 962 763 1013 decedere
772 958 868 1013 terrai

188 1029 247 1082 Nec
258 1036 286 1083 te
297 1037 393 1083 noster
403 1046 491 1094 amor,
502 1036 591 1083 necte
602 1031 668 1081 data
679 1031 798 1083 dextera
803 1028 935 1097 quondm,

188 1099 248 1152 Nec
258 1102 395 1152 moritura
404 1106 481 1153 tenet
492 1101 598 1151 crudeli
610 1098 708 1152 funere
719 1098 813 1151 uidet

190 1169 263 1231 Quin
275 1171 359 1221 etiam
370 1167 485 1220 hiberno
497 1169 603 1220 moliris
613 1170 704 1222 sidere
716 1168 844 1232 classem,
924 1226 927 1231 ¹

131 1235 181 1288 διο
190 1238 227 1289 Et
237 1238 334 1290 mediis
345 1252 478 1304 properas
488 1239 670 1305 Aquilonibus
680 1241 722 1290 ire
732 1254 784 1305 per
794 1238 891 1299 altum,

192 1305 336 1358 Crudelisi
351 1307 442 1369 Quidl
457 1310 480 1358 si
492 1322 546 1357 non
558 1322 624 1357 arva
634 1307 727 1359 aliena
738 1308 892 1376 domosque

190 1377 304 1443 Ignotus
314 1381 438 1442 peteres,
448 1384 476 1428 et
484 1378 571 1427 Troia
582 1378 697 1444 antiqua
707 1383 844 1439 maneret,

190 1447 279 1498 Troia
288 1461 338 1512 per
348 1445 485 1496 undosum
498 1450 640 1511 peteretur
651 1447 788 1497 classibus
800 1443 919 1514 aequori

190 1515 274 1568 Mene
285 1514 377 1582 sugisl
391 1514 445 1566 Per
455 1529 507 1582 ego
518 1512 567 1565 has
579 1515 709 1566 lacrimas
720 1515 905 1582 dextramque

607 1591 685 1635 tuam
695 1589 733 1646 te,

93 1654 103 1671 ”
133 1649 182 1702 515
193 1645 311 1715 Quande
321 1649 399 1705 aliud
408 1652 476 1705 mihi
486 1655 541 1704 iarn
552 1654 669 1705 miserae
682 1653 750 1705 nihil
760 1655 821 1719 ipsa
832 1652 935 1720 reliqui,

193 1722 248 1774 Per
258 1725 395 1775 connubia
405 1728 514 1786 nostra,
525 1738 575 1791 per
585 1725 711 1789 inceptos
722 1725 912 1788 Hymenaeus,

194 1790 224 1843 Si
234 1793 304 1844 bene
316 1793 381 1857 quid
393 1794 427 1844 de
439 1798 467 1844 te
478 1794 579 1855 merui,
591 1791 644 1843 fuit
654 1801 703 1844 aut
712 1794 763 1844 tibi
777 1794 926 1860 quidquam

192 1859 283 1910 Dulce
294 1875 398 1910 meum:
413 1864 546 1913 miserere
556 1862 652 1913 domus
663 1862 797 1924 labentis,
808 1868 838 1913 et
848 1865 933 1923 istan,

193 1927 264 1989 Oro,
273 1929 297 1976 si
307 1929 368 1994 quis
379 1929 469 1980 adhuc
481 1932 608 1995 precibus
619 1931 696 1982 lucus
702 1969 710 1994 ,
720 1947 791 1983 exue
802 1939 929 1984 mentera.

57 2014 65 2021 ·
134 1991 185 2043 320
194 1997 235 2046 Te
246 2001 359 2061 propter
370 1997 493 2063 Libycae
504 2005 601 2066 gentes
612 2000 825 2068 Nomadumque
842 2006 935 2068 tyrann

194 2064 300 2126 Odere,
309 2066 411 2116 infensi
422 2068 515 2131 Tyrii3
531 2072 560 2118 te
570 2075 684 2135 propter
695 2071 813 2122 eundem

193 2134 355 2184 Exstinetus
365 2134 467 2199 pudor,
479 2141 520 2198 ct,
531 2152 586 2203 qua
596 2139 657 2189 sola
666 2140 760 2191 sidera
770 2140 893 2203 adibam,

194 2201 281 2252 Fama
292 2203 377 2268 prior.
393 2203 443 2253 Cui
455 2220 497 2256 me
508 2207 702 2258 moribundam
714 2209 829 2271 deseris,
840 2206 935 2276 hospes

194 2271 257 2322 lloc
267 2271 357 2322 solum
368 2287 469 2324 nornen
479 2277 610 2340 queniam
621 2278 655 2329 de
666 2280 785 2345 coniuge
795 2284 894 2331 restat.

135 2333 185 2388 525
196 2340 270 2403 Quid
280 2339 392 2393 mereri
405 2345 704 2466 ao,1neaPyg1palion
715 2348 781 2400 dum
792 2351 904 2402 moenia

622 2422 698 2468 rater

194 2477 342 2542 Destruet,
354 2487 403 2533 eut
413 2489 521 2548 captam
532 2484 616 2536 ducat
626 2486 763 2538 Gaetulus
774 2485 889 2541 larbasi

196 2548 303 2602 Saltem
313 2551 337 2600 si
347 2567 402 2618 qua
412 2552 480 2602 mihi
491 2553 526 2604 de
536 2559 565 2606 te
575 2561 705 2621 suscepta
716 2556 817 2609 fuisset

194 2619 267 2671 Ante
277 2619 371 2688 fugam
382 2622 507 2684 suboles,
517 2625 541 2674 si
553 2626 614 2690 quis
624 2624 692 2676 mihi
703 2627 839 2691 parvulus
851 2629 916 2686 aula

195 2686 319 2744 Luderet
330 2691 448 2757 leneas,
458 2694 545 2763 quite
555 2700 649 2748 umen
659 2710 709 2751 orc
719 2694 852 2762 referret,
