1882 3052
156 234 169 255 ἱ
192 173 243 221 ars
346 173 375 223 r.
394 171 578 224 vracrrnr
601 160 792 239 Mnachis

194 275 256 326 lloc
265 275 339 326 acies
349 288 458 340 campo,
468 276 579 324 monitis
590 276 724 325 exterrita
736 275 837 324 divom,

134 344 183 396 506
193 344 252 408 lpse
264 349 390 394 oratores
401 343 435 393 ad
447 357 489 393 me
500 344 634 409 regnique
645 357 775 392 coronam

194 411 261 462 Cum
272 420 382 483 sceptro
392 412 478 472 misit,
488 411 656 477 mandatque
666 412 787 476 insignia
796 408 913 470 Tarcho,

193 478 344 531 Succedam
355 480 464 540 castris,
473 478 675 545 Tyrrhenaque
685 493 772 544 regna
782 492 927 543 capessam.

193 547 247 598 Sed
258 546 325 597 mihi
336 548 416 598 tarda
425 548 490 614 gelu
499 548 652 613 saeclisque
663 545 748 597 effeta
757 552 887 598 senectus

192 616 299 669 lnridet
308 617 467 681 imperium,
477 630 610 682 seraeque
621 615 656 666 ad
668 614 754 665 fortia
763 616 848 666 vires.

65 701 71 717 r
135 674 184 726 510
194 683 296 734 Natum
306 683 482 745 exhortarer,
493 686 519 733 ni
525 720 532 746 ,
543 686 646 735 mixtus
656 689 747 734 matre
760 681 882 744 Sabella,

192 753 266 802 Hinc
275 758 382 817 partem
393 754 500 817 patriae
510 750 642 803 traheret.
663 754 720 812 Tu,
731 753 814 801 cuins
826 751 933 802 etannir

120 865 130 883 x
192 821 230 871 Et
239 822 333 886 generi
345 820 403 870 fata
412 821 569 886 indulgent,
580 834 661 887 quem
673 822 789 870 numina
802 825 925 885 poscunt,

192 888 354 955 Ingredere,
365 903 381 939 o
392 890 530 940 Teucrum
540 894 624 958 atque
633 889 736 940 Italum
748 888 900 938 fortissime

605 956 712 1009 ductor.

192 1026 276 1076 Hunc
285 1025 336 1076 tibi
346 1031 506 1091 praeterea,
516 1043 579 1092 spes
588 1032 617 1078 et
626 1026 728 1076 solatia
738 1027 839 1087 nostri,

95 1095 100 1130 Ι
135 1085 184 1135 ⁵15
193 1093 320 1144 Pallanta
330 1094 489 1161 adiungam
503 1097 553 1146 sub
565 1102 594 1146 te
605 1096 726 1147 tolerare
736 1095 874 1161 magistro

192 1161 322 1211 Militiam
331 1168 361 1212 et
369 1177 452 1228 grave
464 1164 564 1214 Martis
576 1178 657 1230 opus,
667 1168 717 1213 toa
728 1177 847 1214 cernere
857 1161 927 1212 iacta

33 1242 43 1264 ⁴
55 1264 59 1276 .
116 1259 121 1268 ·
133 1256 135 1260 ·
192 1230 351 1291 assuescat,
362 1232 457 1295 primis
468 1237 496 1283 et
505 1237 533 1283 te
544 1234 662 1284 miretur
671 1232 705 1281 ab
718 1232 809 1281 armis.

192 1297 312 1348 Arcadas
321 1296 385 1349 huic
397 1301 503 1367 equites
513 1301 556 1351 bis
567 1308 688 1361 centurn,
699 1300 808 1350 robora
816 1300 893 1365 pubis

159 1362 162 1371 “
193 1366 292 1429 Lecta,
303 1366 388 1430 daho;
402 1369 575 1436 totidemque
584 1384 635 1420 suo
646 1370 696 1419 tihi
706 1369 824 1419 nomine
834 1366 930 1418 Pallas.

135 1430 184 1483 520
227 1435 284 1486 Vix
293 1451 327 1487 ea
337 1434 410 1486 fatus
421 1443 494 1500 erat3
511 1438 648 1504 defixique
658 1451 709 1488 ora
719 1436 859 1489 tenebant

192 1505 299 1554 Aeneas
309 1503 487 1558 Anchisiades
498 1510 527 1557 et
536 1508 607 1558 lidus
616 1504 744 1568 Achates,
925 1565 929 1569 ‚

192 1571 340 1639 Multaque
350 1573 421 1624 dura
430 1589 479 1624 suo
489 1576 563 1625 tristi
575 1590 636 1625 cum
649 1575 734 1624 corde
745 1573 897 1638 putabant:

193 1639 228 1690 Ni
239 1642 347 1706 signum
359 1642 437 1694 coelo
449 1641 588 1710 Cytherea
597 1642 720 1694 dedisset
730 1648 840 1705 aperto.

193 1707 318 1783 Namque
328 1712 477 1774 improviso
487 1713 611 1764 vibratus
620 1708 654 1757 ab
665 1707 780 1759 aethere
792 1709 888 1776 fulgor

134 1773 184 1822 525
194 1777 261 1826 Cum
273 1779 367 1827 sonitu
377 1779 465 1840 venit,
476 1783 505 1829 et
514 1792 596 1828 ruere
608 1777 701 1827 omnia
710 1778 771 1826 visa
783 1783 908 1844 repente,

193 1844 412 1912 Tyrrhenusque
423 1847 507 1898 tubae
517 1846 624 1912 mugire
635 1860 684 1910 per
694 1843 814 1896 aethera
829 1846 933 1912 clangor

193 1913 365 1979 Suspiciunt:
380 1915 482 1965 iterum
493 1921 577 1982 atque
586 1917 687 1965 iterum
698 1911 798 1979 fragor
808 1917 929 1980 increpat

603 1996 709 2048 ingens.

125 2107 129 2115 ι
192 2054 276 2100 Arma
287 2051 360 2100 inter
371 2050 485 2110 nubem,
497 2052 568 2101 coeli
577 2054 606 2101 in
617 2052 731 2116 regione
741 2065 854 2113 serena,

192 2117 246 2168 Per
254 2117 353 2166 sudum
363 2117 480 2166 rutilare
491 2117 599 2179 rident,
609 2125 638 2168 et
648 2119 728 2181 pulsa
737 2126 849 2171 tonare.

135 2181 184 2233 550
193 2186 370 2248 Obstupuere
381 2185 479 2233 animis
489 2184 552 2249 alii3
567 2185 617 2236 sed
627 2188 730 2236 'l'roius
741 2187 827 2239 heros

193 2253 310 2320 hgnorit
320 2253 441 2302 sonitum
452 2258 481 2302 et
492 2253 571 2305 dirae
582 2256 717 2320 promissa
727 2260 862 2320 parentis.

192 2323 264 2372 Tum
276 2325 424 2372 memorat:
462 2313 504 2366 Ne
512 2337 591 2386 roro,
602 2322 714 2441 lfiospes,
726 2338 761 2375 ne
773 2339 877 2390 quaere
886 2335 931 2389 pro

616 2396 685 2452 acto,

192 2460 280 2522 Quem
291 2473 384 2509 casum
394 2463 525 2524 portenta
535 2457 638 2523 ferant3
648 2474 700 2526 ego
710 2474 814 2527 poscor
819 2461 931 2528 Olympo·

191 2530 253 2578 lloc
262 2529 371 2594 signum
382 2529 482 2578 cecinit
491 2530 636 2578 missuram
646 2528 710 2579 dira
720 2533 853 2592 creatrix,

132 2596 182 2648 555
192 2594 221 2646 Si
230 2596 333 2648 bellum
344 2597 501 2663 ingrueret3
516 2596 706 2666 Vulcaniaque
716 2613 797 2649 arma
807 2614 857 2666 per
865 2606 928 2650 auru

191 2665 447 2717 laturamauxilio.
755 2689 759 2697 ·
