1882 3052
154 148 209 203 ese
271 208 273 219 ,
317 149 349 202 ι.
367 148 547 203 viaciuu
570 107 716 203 nescu

190 256 226 307 At
236 258 316 320 pater
325 253 457 307 Anchises
468 257 578 321 penitus
589 252 716 306 convelle

35 368 38 373 .
82 345 85 365 ι
97 323 148 378 680
156 323 280 374 inclusas
291 325 409 387 animas,
419 320 607 392 superumque
618 324 653 374 ad
664 322 716 373 lum

63 437 77 447 .,
155 392 309 444 Lustrabat
318 393 410 444 studio
421 394 717 460 recolens‚0mnemqu

107 486 117 499 κ
155 460 242 514 Forte
253 463 414 514 recensebat
424 478 583 523 numerum,
594 477 716 529 carosqu

157 529 288 599 Fataque,
300 531 481 599 fortunasque
489 533 585 594 rimini,
595 547 715 597 utoresqi

155 600 237 666 Isque
247 601 293 651 ubi
305 601 464 653 tendentem
475 601 620 652 adversum
633 615 716 667 pergi

98 667 148 722 685
157 669 281 731 Aenean,
291 669 393 720 alacris
403 671 510 737 palmas
521 675 653 736 utrasque
664 675 716 719 tete

153 735 325 805 Effusacque
335 741 412 806 genis
423 739 568 801 lacrimam
579 745 608 790 ct
618 753 672 788 vox
683 753 716 788 cx

158 804 263 857 Venisti
274 808 386 859 tandem
392 845 400 871 ,
410 813 513 876 tuaque
524 813 651 874 spectata
662 822 713 872 par

157 872 232 926 Vicit
240 877 296 927 iter
308 877 407 928 durum
418 876 524 944 pietas?
539 878 623 928 datur
633 891 683 927 ora
692 882 716 925 tu

156 942 242 1006 Nate,
253 951 315 1009 tua3
330 952 358 997 et
369 953 448 997 notas
459 947 556 997 audire
566 952 595 997 et
606 945 716 996 reddere

47 1038 56 1049 ·
99 1010 149 1076 690
158 1011 204 1063 Sic
213 1014 342 1081 equidem
353 1015 487 1066 ducebam
498 1016 602 1075 arrium,
614 1015 716 1080 rebarq

109 1100 111 1110 ’
157 1083 298 1150 Tempora
308 1083 500 1146 dinumerans3
515 1100 566 1134 nec
578 1099 621 1133 me
631 1099 716 1134 meac

142 1143 234 1212 'Quas
245 1165 296 1218 ego
306 1157 334 1202 te
345 1156 435 1202 terras
445 1158 474 1202 et
484 1159 588 1219 quanta
599 1167 649 1217 per
660 1167 716 1218 aeq*

75 1234 76 1237 ’
158 1220 282 1286 Accipio!
299 1222 410 1286 quantis
421 1222 567 1283 iactatum,
580 1226 657 1281 nate,
668 1237 716 1286 ρει

78 1326 84 1337 r
159 1289 248 1350 Quam
260 1290 360 1351 metui,
375 1305 410 1340 ne
420 1290 486 1356 quid
496 1291 603 1355 Libyae
614 1291 666 1340 tibi
676 1305 716 1356 rep

100 1351 150 1422 695
159 1358 210 1410 lile
220 1363 326 1411 autem:
341 1360 404 1409 'l'ua
415 1375 473 1422 me,
484 1360 607 1426 genitor,
617 1365 668 1408 tua
678 1361 716 1408 tri

123 1438 127 1443 '
161 1426 278 1494 Saepius
289 1443 450 1491 occurrens,
461 1428 529 1479 haec
540 1428 637 1478 limina
646 1430 713 1479 tend

161 1496 243 1548 Stant
251 1498 311 1549 sale
321 1497 470 1563 Tyrrheno
482 1497 591 1548 classes.
603 1497 647 1546 Da
657 1499 716 1564 iniq

77 1583 84 1596 ·
161 1566 218 1630 Da,
228 1569 350 1635 genitum
366 1573 450 1634 teque
460 1567 590 1631 amplexu
600 1582 635 1616 ne
646 1568 716 1616 subt:

161 1634 208 1686 Sic
217 1634 374 1688 mensurans
386 1637 464 1703 largo
475 1634 543 1686 ssetu
554 1636 638 1684 simul
649 1650 700 1685 ora
712 1652 716 1685 ι

102 1715 152 1766 700
161 1707 218 1756 Ter
229 1710 348 1757 conatus
356 1707 394 1757 ibi
405 1705 479 1756 collo
490 1705 557 1755 dare
568 1703 683 1755 brachia
694 1706 716 1754 ci

161 1775 218 1826 Ter
229 1774 334 1825 frustra
344 1785 507 1840 comprensa
517 1789 615 1823 uranus
627 1772 716 1839 effugi¹

162 1841 217 1894 Par
227 1842 334 1894 levibus
344 1845 434 1894 veritis
440 1880 448 1906 ‚
457 1843 618 1910 volucrique
629 1843 715 1892 simiil

196 1912 308 1962 interca
317 1910 392 1962 videt
401 1913 508 1962 Aeneas
518 1913 546 1961 in
556 1912 628 1962 ualle
639 1913 716 1962 redu«

163 1978 308 2031 Seclusum
320 1994 429 2041 nennius,
440 1985 469 2030 et
479 1981 600 2047 virgulta
611 1984 716 2032 sonanti

105 2045 154 2117 705
162 2047 387 2115 Lethaeamque,
396 2049 494 2098 domos
505 2050 629 2114 placidas
640 2053 687 2116 qui
698 2066 715 2118 ρ

579 2134 696 2171 eumeni.

114 2186 116 2191 '
164 2186 246 2238 Huire
256 2187 361 2237 circum
371 2186 532 2238 innumerae
542 2196 639 2254 gentes
650 2205 716 2256 ρορι

576 2258 657 2322 haut3

162 2325 214 2385 Ac,
224 2322 310 2375 veluti
320 2323 349 2373 in
359 2327 461 2391 pratis,
471 2326 518 2376 ubi
530 2341 595 2392 apes
607 2332 715 2379 aestate

164 2393 293 2443 Floribus
303 2393 428 2444 insidunt
437 2397 535 2456 variis,
548 2404 576 2446 et
587 2399 706 2449 candida

164 2461 239 2511 Lilia
248 2460 415 2525 funduntur,
426 2464 526 2529 strepit
537 2467 626 2516 orturis
638 2483 716 2517 muru

72 2580 76 2585 .
108 2540 155 2592 71⁰
163 2531 312 2586 Horrescit
320 2532 382 2583 visu
392 2532 498 2595 subite,
511 2548 678 2602 caussasque
690 2553 716 2588 ιι

158 2605 271 2660 inscius
282 2603 411 2669 Aeneas,
419 2617 494 2675 quae
504 2603 563 2652 s‘mt
571 2617 607 2652 ca
611 2606 716 2651 nuntie:

117 2719 120 2726 ·
157 2670 716 2744 Quiveuiritantccnmpicmmaqmm
