1882 3052
144 155 196 207 274
301 155 530 208 avlam-1211
553 154 741 208 nrnnoxrs

47 255 61 274 “
144 260 235 323 Dixit,
247 264 275 311 et
284 261 394 328 angusti
404 259 503 311 subter
513 258 626 327 fastigia
635 260 704 310 tecti

143 329 285 396 Ingentem
296 330 406 387 Aenean
418 329 510 389 duxit,
520 331 670 394 stratisque
680 328 784 382 locarit

143 398 279 450 Effultum
290 397 363 449 foliis
373 403 402 450 et
412 397 485 463 pelle
496 396 649 463 Libystidis
659 411 752 448 ursae.

143 467 206 519 Nox
216 469 285 529 ruit,
297 471 326 519 et
337 467 420 518 fuscis
431 466 561 517 tellurem
572 465 751 531 amplectitur
762 467 819 519 alia

84 532 134 599 370
179 539 214 587 At
224 537 319 589 Venus
330 534 404 587 haud
415 536 506 586 animo
518 535 706 601 nequidquam
718 537 845 588 exterrita

556 608 655 666 mater,
712 611 715 617 '

142 670 371 742 Laurentumque
381 672 463 724 minis
473 678 501 724 et
512 672 582 723 duro
594 677 671 724 mota
681 675 812 736 tumultu,

88 737 101 745 ’”
143 743 474 811 Vulcanum'alloquitur‚
485 741 666 809 thalamoque
676 741 746 796 haec
756 742 853 810 coniu'p'

131 845 134 856 .
559 826 645 863 aureo
730 848 733 853 -

141 880 256 948 Incipit,
267 884 295 932 et
305 881 386 933 dictis
396 880 517 933 divinum
529 881 653 947 adspirat
663 895 800 934 amorem:

105 996 109 1006 ,
140 947 215 1000 Dum
226 949 301 1000 bello
311 951 431 1018 Argolici
441 951 586 1003 vastabant
595 950 734 1017 Pergama
744 964 821 1018 reges
835 985 839 991 -

82 1014 132 1082 575
141 1017 245 1070 Debita
255 1033 422 1088 casurasque
431 1020 548 1071 inimicis
558 1021 669 1086 ignibus
680 1033 772 1072 arcas:

141 1085 205 1138 Non
216 1087 303 1137 ullum
314 1089 448 1139 auxilium
459 1090 724 1155 miseris,nonarma
733 1090 841 1158 rogan*

141 1156 216 1218 Artis
228 1157 341 1222 opisque
352 1161 431 1220 tuae3
445 1173 497 1208 nec
505 1163 547 1221 te,
558 1159 700 1209 carissime
712 1160 837 1218 conium,

141 1225 317 1276 incassumve
327 1229 391 1275 tuos
401 1224 477 1277 volui
488 1240 618 1278 exercere
628 1227 756 1279 labores:

94 1346 99 1352 ,
142 1293 272 1355 Quamvis
284 1292 420 1345 etPriami
431 1295 561 1347 deberem
571 1295 693 1362 piurima
704 1298 787 1360 natis,

83 1363 134 1418 380
142 1362 179 1413 Et
188 1362 288 1413 du'rum
298 1365 408 1415 Aeneae
418 1362 554 1416 flevissem
563 1379 648 1430 saepe
658 1364 794 1417 laborem.

95 1454 97 1458 ·
141 1429 222 1482 Nunc
231 1432 303 1481 lovis
313 1433 437 1498 imperiis
446 1432 612 1483 Rutulorum
623 1435 754 1485 constitit
764 1436 826 1486 oris

140 1500 217 1568 Ergo
228 1499 325 1552 eadem
336 1502 454 1567 supplex
462 1502 552 1565 venio,
562 1503 853 1555 etsanctummihinun

141 1569 316 1636 Armarogo,
327 1571 453 1638 genetrix
463 1576 538 1621 nato.
560 1572 601 1622 Te
611 1571 671 1622 tilia
680 1571 778 1636 Nerei,

141 1638 183 1689 Te
194 1640 287 1704 potuit
296 1638 417 1689 lacrimis
427 1638 559 1690 Tithonia
569 1638 682 1692 flectcre
694 1643 823 1693 coniunx.

82 1703 132 1756 585
141 1707 270 1774 Adspice,
281 1709 328 1776 qui
339 1711 437 1758 co'e'ant
446 1708 555 1774 populi,
567 1724 636 1776 quae
647 1713 762 1762 nroenia
772 1711 853 1762 clausi

141 1775 259 1826 Ferrum
271 1779 469 1843 acuant‘portis
480 1779 508 1827 in
514 1778 853 1848 nreexcidiumquemeoru

141 1843 273 1906 Dixerat}
289 1849 318 1896 et
328 1845 414 1896 niveis
425 1844 489 1897 hinc
498 1851 581 1913 atque
592 1845 656 1898 hinc
666 1848 733 1899 diva
742 1849 849 1901 lacertis

144 1912 325 1963 Cunctantem
335 1913 464 1980 amplexu
475 1915 552 1967 molli
564 1914 649 1967 fovet.
669 1917 725 1969 llle
736 1922 845 1986 repente

142 1981 256 2046 Accepit
266 1980 377 2032 solitam
389 1980 541 2047 llammam3
556 1990 695 2053 notusque
707 1987 840 2047 medullas

84 2050 134 2116 590
142 2050 260 2101 intravit
270 2050 359 2111 calor,
369 2055 398 2101 et
408 2050 545 2104 labefacta
555 2069 604 2119 per
613 2069 677 2105 ossa
688 2057 820 2108 cucurrit.

142 2117 204 2168 Non
216 2132 294 2168 secus
305 2124 388 2184 atque
400 2119 474 2184 olim,
484 2124 592 2173 tonitru
603 2139 687 2192 quum
694 2132 781 2193 rupta
787 2137 852 2177 corus

140 2187 226 2252 Ignea
233 2187 306 2236 rima
316 2187 418 2238 micans
428 2193 567 2256 percurrit
577 2192 681 2245 lumine
692 2197 807 2247 nimbos.

83 2265 87 2271 ·
141 2253 235 2305 Sensit
246 2254 322 2306 laeta
331 2256 413 2319 dolis,
425 2264 455 2309 et
465 2258 571 2313 formae
583 2263 708 2326 conscia,'
719 2266 839 2325 coniunx.

142 2324 213 2375 Tum
224 2330 306 2391 pater
316 2330 431 2377 aeterno
442 2327 519 2379 fatur
529 2330 673 2382 devinctus
685 2348 794 2386 amore:

81 2391 131 2462 595
140 2392 335 2456 Quid'caussas
346 2396 417 2460 petis
429 2411 462 2447 ex
473 2397 549 2448 altoi
563 2400 665 2452 fiducia
675 2406 760 2454 cessit

141 2464 202 2525 Quo
212 2462 275 2525 tibi,
287 2462 362 2525 diva,
373 2463 444 2515 mcii
461 2465 565 2519 Similis
575 2471 597 2519 si
608 2485 676 2521 cura
686 2472 795 2535 fuisset,

139 2532 212 2586 Tum
223 2548 332 2604 quoque
341 2532 384 2585 ias
393 2534 472 2586 nobis
482 2537 606 2589 Teucros
617 2553 729 2594 armare
739 2541 840 2599 fuissem

135 2605 163 2663 N
165 2623 198 2662 ee
209 2612 293 2677 pater
305 2607 853 2676 omnipotenslroiam‚xxeclataaetabul

134 2675 853 2756 Sarcanamquealiasttranspadanam
