1882 3052
100 406 106 432 l

196 120 246 176 15o
304 154 312 159 -
354 102 791 184 efvmcrcrrminoms

192 223 370 288 Praedicam,
380 229 409 278 et
418 228 549 294 repetens
560 224 717 289 iterumque
728 221 892 288 iterumque
916 214 927 222 ’”

613 292 744 342 monebor

161 408 168 419 ,
192 362 306 415 lunonis
317 374 433 430 magnae
444 362 564 428 primum
574 376 658 428 prece
668 375 771 411 numen
782 358 884 410 adora:
922 384 928 391 ·

192 431 293 484 lunoni
305 447 372 483 cane
382 430 559 492 vota-libens,
569 431 766 496 dominamque
778 433 924 498 potentem

202 499 379 567 Supplicibus
389 513 491 564 supera
501 499 588 549 donis.
610 498 656 550 Sic
667 498 787 565 denique
796 497 889 548 uictor

135 567 189 621 440
199 569 344 621 Trinacria
354 569 422 618 fines
434 569 520 619 ltalos
530 570 642 619 mittere
652 567 760 619 relicta.

172 666 179 675 ·
196 636 260 688 Huc
269 636 317 687 ubi
327 636 437 687 delatus
448 639 596 688 Cumaeam
606 638 756 688 accesseris
767 637 877 698 urbem,
932 634 935 644 ’

143 718 152 742 -’
195 703 367 772 Divinosque
377 705 455 757 lacus
466 712 495 757 et
504 710 613 760 Averna
623 706 752 757 sonantia
761 705 851 767 silvis,

193 775 323 825 Insanam
332 779 424 826 vatem
436 775 585 840 adspicies,
597 790 668 842 quae
678 787 749 840 rupe
759 775 811 825 sub
823 775 881 824 ima

193 841 266 893 Fata
274 845 364 905 canit,
374 843 507 911 foliisque
518 849 599 894 notas
610 850 638 894 et
648 845 762 894 nomina
770 842 898 893 mandat.

134 910 185 969 445
195 911 382 980 Quaecunque
392 914 422 963 in
432 912 508 963 foliis
518 913 665 978 descripsit
674 914 798 963 carmina
809 913 903 978 virgo,

193 979 307 1047 Digerit
316 983 344 1031 in
355 997 510 1043 numerum,
521 987 693 1048 atqueautro
699 982 810 1032 seclusa
816 977 935 1048 relinqul

194 1049 248 1099 llla
260 1056 372 1101 manent
381 1051 497 1100 immota
507 1050 584 1112 locis,
595 1066 685 1116 neque
695 1050 729 1100 ab
741 1050 935 1102 ordinecedur

195 1118 302 1170 Verum
313 1119 422 1181 eadem,
433 1133 512 1170 verso
522 1121 615 1170 tenuis
626 1135 711 1186 quum
723 1119 840 1171 cardine
850 1125 935 1172 vener

104 1178 109 1195 ¹
194 1186 323 1251 Impulit,
334 1193 363 1238 et
373 1193 485 1239 teneras
494 1188 618 1243 turbavit
628 1189 713 1239 ianua
723 1187 849 1251 frondes,
895 1196 935 1243 ,¹

104 1264 110 1277 '
136 1260 187 1316 450
195 1255 344 1323 Nunquam
356 1255 456 1307 deinde
467 1271 533 1307 cavo
545 1257 692 1308 volitantia
702 1257 843 1323 prendere
854 1271 930 1318 saxo,

152 1346 159 1355 ³
195 1323 254 1376 Nec
263 1338 395 1376 revocare
405 1327 488 1387 situs,
498 1331 548 1376 aut
557 1327 673 1392 iungere
684 1328 810 1377 carmina
822 1332 911 1377 curat

194 1392 349 1445 Inconsulti
360 1394 476 1455 abeunt,
487 1395 636 1461 sedemque
647 1395 730 1446 odere
742 1395 882 1461 Sibyllae.

193 1461 248 1514 Hic
258 1463 309 1512 tibi
319 1478 354 1513 ne
365 1479 419 1529 qua
428 1478 524 1514 morae
534 1462 639 1514 luerint
649 1464 795 1528 dispendia
807 1466 888 1527 tanti,

120 1580 133 1597 ²
195 1532 326 1591 Quamvis
336 1533 505 1598 increpitent
514 1533 596 1594 socii,
607 1538 636 1582 et
647 1534 673 1582 ri
684 1548 783 1583 cursus
792 1534 823 1583 in
834 1533 920 1584 altum

134 1602 185 1656 455
194 1599 266 1651 Vela
276 1606 369 1662 vocet,
380 1602 523 1667 possisque
533 1602 608 1650 sinus
619 1601 737 1666 implere
747 1602 896 1666 secundos,

194 1668 267 1728 Quin
278 1668 361 1718 adeas
370 1676 474 1731 vatem,
485 1670 669 1736 precibusque
679 1671 795 1721 oracula
806 1685 912 1736 poscas.

122 1798 125 1809 ἱ
192 1735 258 1800 lpsa
268 1743 362 1798 canat,
373 1752 524 1804 vocemque
536 1738 632 1788 rolens
643 1744 727 1807 atque
739 1753 789 1789 ora
799 1740 926 1791 resolvat

89 1826 95 1835 ·
192 1802 246 1854 llla
256 1804 306 1853 tibi
315 1805 412 1855 ltaliae
422 1805 553 1869 populos,
564 1812 737 1874 venturaque
747 1808 835 1871 bella,

193 1872 243 1934 Et,
254 1885 309 1937 quo
320 1887 459 1939 quemque
471 1874 553 1923 modo
564 1875 710 1995 fugpasque
721 1876 855 1946 ferasque
866 1877 902 1928 la-

629 1959 713 2006 orem,

79 1983 87 2008 ⁷
135 2009 185 2063 460
194 2006 345 2072 Expediet,
357 2023 509 2075 cursusque
521 2010 598 2061 dabit
608 2018 741 2064 venerata
751 2015 898 2067 secundos

193 2076 273 2128 Haec
282 2082 360 2138 sunt,
371 2091 443 2142 quae
455 2085 551 2129 nostra
562 2081 647 2133 liceat
656 2088 685 2133 te
695 2097 763 2134 voce
775 2086 893 2135 moneri.

193 2140 337 2210 Vadeage‚
348 2152 377 2196 et
386 2146 527 2213 ingentem
534 2148 615 2203 sactis
621 2151 703 2202 ferad
709 2151 826 2204 aethera
831 2152 935 2206 Troia!

231 2213 309 2274 Quae
320 2219 468 2281 postquam
478 2223 554 2268 vates
565 2221 605 2270 sic
616 2235 664 2271 ore
675 2219 775 2272 effatus
787 2223 879 2274 amico
888 2226 932 2284 est,

144 2304 147 2308 >
193 2278 276 2331 Dona
288 2281 387 2333 dehinc
397 2299 467 2336 auro
476 2288 571 2352 gravia
580 2295 713 2356 sectoque
723 2289 878 2356 elephanto

135 2350 184 2404 465
193 2350 316 2416 Imperat
326 2351 361 2403 ad
372 2368 455 2405 naves
465 2355 545 2418 ferri,
556 2358 698 2425 stipatque
708 2360 811 2411 carinis

193 2421 294 2487 Ingens
304 2428 463 2488 argentum,
474 2423 698 2495 Dodonaeosque
709 2427 828 2492 lebetas,

191 2488 323 2541 Loricam
334 2498 490 2543 consertam
502 2492 590 2545 hamis
600 2512 725 2564 auroque
734 2499 868 2564 trilicem,

183 2559 226 2612 Et
235 2576 341 2615 conum
351 2562 469 2633 insignis
480 2564 580 2633 galeae
590 2567 743 2630 cristasque
750 2576 900 2628 comames,

176 2629 270 2690 Arma
280 2634 482 2710 Neoptolemi.
503 2632 894 2694 Suutetsuadonaqamu.
