1882 3052
165 154 243 209 uusx
320 150 555 207 1111111111
577 124 769 205 hunonis

166 259 215 310 Mo
234 255 314 325 sopio
323 257 408 309 tereti
418 256 547 308 nectebat
556 255 640 307 dente
650 253 770 306 cicadae.

228 322 836 388 ecverohaecvobiscustodiavanaiuisset,

109 398 158 452 150
166 395 224 448 Nec
234 394 339 447 fuerat:
354 395 407 447 nisi
417 393 525 461 Scylla,
534 407 607 445 novo
618 398 753 460 concepta
762 392 865 454 furore,

167 464 272 531 Scylla,
282 461 919 531 patiismiseripatriaequeinventasepulcrum,

167 535 192 585 0
203 535 317 585 rrimium
327 533 434 600 cupidis
442 534 467 584 si
475 547 531 584 non
539 529 674 584 inhiasset
682 529 792 582 ocellis!

169 601 226 654 Sed
235 602 325 655 malus
334 602 384 654 ille
394 617 476 670 puer,
486 616 566 671 quenr
578 616 630 652 nee
640 616 690 652 sua
698 598 814 651 flectere
824 607 904 650 mater

166 671 272 723 Iratum
282 673 385 737 potuit,
396 687 478 739 quem
489 686 539 723 nec
548 675 628 738 pater
637 675 723 737 atque
735 684 802 719 avus
812 669 881 720 idem

110 742 158 796 135
167 741 283 807 Iupiter:
297 740 346 791 ille
357 742 441 792 etiarn
451 741 561 792 Poenos
571 740 708 790 domitare
719 738 817 790 leones

166 810 204 860 Et
214 808 319 860 validas
329 808 424 861 docuit
434 811 507 862 vires
518 822 711 860 mansuescere
722 808 815 874 tigris,

166 878 220 930 llle
231 878 415 942 etiamDivos,
425 876 564 941 homines3
576 877 625 930 sed
634 879 726 930 dicere
736 880 921 945 nragnunrcst3

165 947 243 998 Idem
252 953 313 998 tunr
322 949 417 1000 tristes
428 948 546 1000 acuebat
553 947 684 1015 parvulus
694 947 754 997 iras

165 1015 415 1084 lunonisnragnaer
432 1016 523 1082 [cuius
532 1017 656 1082 periuria
665 1015 757 1067 Divae

109 1089 157 1142 140
166 1084 241 1135 Olim
251 1100 280 1136 se
290 1087 447 1136 meminisse
458 1085 505 1135 diu
516 1087 629 1150 periura
639 1083 753 1150 puellae

167 1153 229 1204 Non
240 1153 289 1203 ulli
302 1146 786 1220 1111111]1111111111111111111111111,
803 1174 806 1179 ·

167 1223 241 1274 Dum
250 1224 336 1273 sacris
346 1227 463 1289 operata
473 1222 551 1274 Deae
562 1223 682 1284 lascivit,
693 1225 723 1274 et
733 1228 818 1273 extro

166 1291 297 1343 Procedit
307 1291 389 1358 longe
400 1296 519 1341 matrum
528 1293 717 1359 comitumque
728 1297 876 1354 catervam,

168 1359 334 1428 Suspensum
344 1360 469 1427 gaudens
479 1361 507 1410 in
517 1375 634 1429 corpore
644 1360 744 1412 ludere
753 1367 868 1423 vestem,

111 1432 157 1486 245
167 1430 204 1480 Et
213 1429 334 1480 tumidus
344 1431 469 1497 agitante
479 1431 554 1480 sinus
564 1429 703 1498 Aquilone
713 1428 860 1481 relaxansr

167 1498 290 1549 Necdum
299 1499 385 1549 ctiam
396 1503 488 1549 castos
498 1499 653 1565 agitaverat
662 1500 736 1564 ignis
746 1497 877 1561 honores,

165 1566 289 1618 Necdum
300 1567 418 1618 solemni
428 1566 542 1635 lympha
551 1567 665 1633 perfusa
674 1567 810 1620 sacerdos

166 1635 301 1688 Pallantis
313 1635 387 1687 loliis
399 1643 481 1702 caput
492 1641 642 1688 exornarat
651 1636 754 1688 olivae:

167 1707 235 1756 Cum
246 1705 324 1771 lapsa
335 1707 485 1757 emanibus
496 1705 569 1772 fugit
578 1706 647 1771 pila,
659 1721 779 1773 cumque
790 1707 894 1772 relapsa

110 1780 157 1831 150
167 1773 311 1825 Procurrit
319 1775 408 1841 virgo:
427 1789 481 1842 quo
492 1776 598 1825 utinam
608 1791 642 1827 ne
654 1776 768 1840 prodita
778 1776 845 1827 ludo

165 1844 258 1894 Aurea
267 1849 323 1894 tam
334 1844 431 1909 gracili
442 1843 570 1894 solvisset
581 1858 700 1910 corpora
711 1845 800 1910 palla!

166 1912 279 1974 Omnia,
290 1926 362 1979 quae
371 1914 494 1964 retinere
504 1913 634 1983 gradum,
646 1929 817 1982 cursumque
827 1907 916 1969 morari

166 1981 296 2041 Possent,
308 1994 323 2029 o
334 1985 426 2031 tecum
436 1982 536 2033 vellem
548 1988 598 2032 tua
608 1984 719 2047 semper
729 1981 858 2036 haberes!

167 2048 229 2099 Non
241 2063 360 2114 unquam
370 2050 477 2100 violata
486 2066 570 2101 nranu
581 2054 707 2102 sacraria
718 2052 817 2116 Dirae,

111 2128 158 2181 155
166 2117 286 2169 Iurando
297 2115 395 2167 infelix
405 2120 591 2186 nequidquam
601 2121 665 2170 iura
674 2122 791 2186 piasses.

166 2190 204 2239 'lit
212 2187 235 2237 si
246 2186 306 2252 quis
318 2187 444 2237 nocuisse
455 2189 505 2237 tibi
517 2190 639 2253 periuria
651 2191 757 2253 credat,

167 2258 258 2308 Causa
266 2255 312 2320 pia
320 2260 374 2306 est:
391 2256 483 2305 timuit
493 2255 573 2308 fratri
584 2263 612 2309 te
624 2260 776 2312 ostendere
784 2260 859 2311 luno.

165 2327 202 2378 ,lt
212 2324 279 2379 levis
290 2323 339 2375 1111
349 2325 439 2387 Deus,
450 2327 493 2375 cui
504 2341 614 2392 semper
624 2327 660 2378 ud
670 2327 856 2381 ulciscendum
932 2370 936 2403 2

165 2395 317 2458 Quaeritur
328 2408 362 2445 ex
373 2396 448 2444 omni
459 2394 606 2447 verborum
618 2398 721 2447 iniuria
731 2399 816 2461 dicto,
828 2457 834 2464 .
932 2408 936 2435 Ξ

109 2473 156 2526 160
165 2466 256 2516 Aurea
266 2462 383 2530 fulgenti
394 2464 557 2530 depromens
566 2466 626 2533 tela,
633 2465 775 2531 pharetra,

164 2535 229 2587 Heu
239 2535 354 2584 nimium
364 2537 460 2596 tereti,
471 2535 585 2585 nimium
596 2535 749 2603 Tirynthia
758 2539 827 2600 risu,

165 2603 290 2670 Virginis
300 2604 329 2652 in
339 2608 437 2653 tenera
447 2603 583 2655 defixerat
593 2607 686 2656 omnia
696 2612 799 2660 mente.

200 2672 279 2737 Quae
289 2670 370 2724 simul
381 2687 413 2724 ac
423 2675 500 2725 venis
510 2671 603 2727 hausit
613 2676 772 2729 sitientibus
781 2678 875 2745 ignem,
935 2686 940 2689 ·
