1882 3052
180 221 231 275 uc
331 222 362 273 r.
378 200 567 274 mnermr
589 216 781 272 unnonrs

16 368 22 377 .
81 343 84 347 ·
178 316 413 394 Spumantemque
423 324 484 374 dani
494 322 788 388 peoorainterinertia
798 323 872 374 votis

178 397 265 464 (lptat
275 410 380 463 aprum,
385 391 716 445 autsulvumdesceudere
721 396 817 443 monte
822 390 932 446 leonem

121 461 170 518 160
212 467 325 518 Interea
335 477 434 530 magno
444 462 553 513 misceri
564 474 705 512 murmure
715 460 827 513 coelum
925 462 933 469 '

177 536 291 599 Incipit3
305 533 462 600 insequitur
471 532 619 582 commixta
629 531 765 598 grandine
774 529 894 584 nimbus.

177 606 217 657 Et
225 603 306 669 Tyrii
314 604 430 653 comites
440 602 554 666 passim,
566 605 595 653 et
605 602 728 651 Troiana
738 601 878 663 inventu,

124 686 127 691 ’
177 671 392 739 Dardaniusque
402 682 488 735 nepos
497 669 750 731 Veneris,diverse
760 682 812 734 per
821 683 901 737 agros

178 743 267 793 'l'ecta
276 744 353 791 metu
364 741 481 805 petiere3
497 744 583 790 ruunt
593 738 628 790 de
639 739 779 789 montibus
789 753 892 792 amnes.

122 810 169 866 265
179 809 344 876 Speluncam
355 809 429 860 Dido
440 809 498 862 dux
507 814 536 861 et
546 809 684 859 Troianus
695 807 814 862 eandem

177 879 346 932 Dereniunt.
367 878 462 930 Prima
471 883 499 931 et
509 877 607 930 Tellus
618 882 647 930 et
657 876 784 945 pronuba
793 877 865 929 luno

177 947 256 1000 Dant
265 951 387 1017 signum:
403 948 507 1002 fulsere
516 951 606 1018 ignes,
618 951 646 999 et
656 947 782 998 conscius
793 944 890 999 aether

179 1018 343 1084 connubiis3
354 1035 515 1090 summoque
526 1017 779 1070 ulularuntvertioe
784 1014 927 1084 Nymphae.

177 1086 230 1139 ille
241 1087 301 1138 dies
311 1091 416 1155 primus
427 1091 476 1142 leti
487 1092 646 1158 primusque
656 1084 795 1136 malorum
917 1090 922 1105 “

95 1212 98 1219 ,
121 1172 170 1227 ¹7⁰
179 1156 283 1207 Caussa
292 1156 353 1208 suit.
374 1159 471 1227 Neque
483 1161 556 1210 eninr
567 1158 657 1223 specie
668 1154 775 1206 famave
786 1159 913 1217 moretm,

177 1224 236 1278 Nec
246 1227 301 1276 iam
312 1225 446 1278 furtivum
457 1227 530 1277 Dido
541 1225 693 1276 meditatur
704 1239 843 1288 amorem,

180 1295 344 1361 Coniugium
354 1301 446 1359 vocat3
462 1293 514 1345 hoc
523 1295 662 1362 praetexit
671 1296 784 1345 nomine
795 1293 907 1360 culpam

213 1363 360 1430 Extemplo
370 1365 478 1433 Libyae
489 1379 603 1430 magnas
613 1365 636 1413 it
644 1362 731 1413 Fama
741 1376 791 1429 per
801 1364 892 1427 urbes,

177 1433 278 1496 Fama,
289 1433 405 1498 malum,
416 1449 471 1502 quo
481 1448 536 1485 non
547 1432 623 1483 aliud
633 1430 754 1483 velocius
765 1430 867 1484 ullum:

120 1502 168 1566 ¹75
179 1502 337 1554 Mobilitate
348 1505 435 1571 viget,
445 1506 573 1570 viresque
585 1502 702 1568 acquirit
713 1501 820 1565 eundo;

176 1571 267 1623 Parva
277 1577 353 1624 metu
363 1574 465 1639 primo,
476 1586 540 1623 mox
551 1585 612 1622 sese
623 1570 730 1620 attollit
739 1571 767 1619 in
779 1585 875 1635 auras,

175 1640 391 1709 ingrediturque
402 1642 476 1706 solo,
488 1646 516 1693 et
525 1644 607 1706 caput
616 1641 690 1690 inter
701 1639 800 1690 nubila
809 1639 906 1693 condit.

155 1746 157 1752 .
175 1707 257 1759 Illam
268 1711 358 1762 Terra
368 1726 480 1776 parens,
491 1712 534 1762 ira
542 1710 653 1760 irritata
662 1708 788 1770 deorum,

176 1775 351 1839 Extremam,
362 1786 394 1826 ut
403 1778 561 1842 perhibent,
571 1772 645 1830 cbeo
655 1777 852 1847 Enceladoque
862 1792 902 1830 so·

591 1861 684 1898 rorem

120 1911 168 1967 180
177 1911 343 1980 Progeuuit,
353 1912 470 1978 pedibus
481 1913 600 1965 celerem
611 1921 639 1966 et
648 1916 806 1982 pernicibus
816 1916 881 1980 alis3

176 1982 336 2034 Monstrum
348 1979 530 2045 horrendum,
541 1985 653 2052 ingens,
664 1987 717 2047 cui,
728 1991 797 2054 quot
806 1984 873 2038 sunt
881 1997 929 2038 cor·

590 2067 658 2120 pore
667 2054 788 2120 plumae,

176 2120 233 2171 Tot
242 2117 340 2185 vigiles
351 2119 424 2170 oculi
435 2120 544 2184 subter,
554 2124 683 2174 mirabile
695 2124 780 2187 dictu,

99 2202 102 2209 ·
175 2189 233 2239 Tot
242 2187 363 2254 linguae,
373 2189 488 2240 totidem
500 2199 664 2255 orasonant,
674 2193 933 2261 totsubrigitaures.

176 2255 265 2308 Nocte
275 2257 353 2307 volat
363 2260 432 2310 coeli
444 2260 535 2311 medio
545 2265 694 2330 terraeque
705 2277 755 2329 per
767 2264 893 2329 umbram

19 2340 31 2359 r
118 2329 167 2383 185
178 2325 317 2387 Stridens,
328 2342 379 2378 nee
390 2328 463 2379 dulci
475 2329 595 2381 declinat
605 2330 712 2382 lumina
721 2347 833 2384 somno:

175 2396 251 2447 Luce
262 2394 340 2447 sedet
350 2402 442 2447 custos
453 2403 502 2448 aut
512 2401 612 2448 summi
622 2400 742 2452 culmine
752 2404 829 2465 tecti,

175 2466 313 2517 Turribus
324 2472 373 2516 aut
383 2465 459 2529 altis,
470 2472 500 2516 et
509 2482 623 2534 magnas
634 2471 747 2521 territat
756 2471 851 2535 urbes,

175 2537 247 2586 Tam
257 2536 314 2585 ficti
325 2538 457 2602 pravique
467 2541 565 2599 tenax,
577 2553 659 2605 quam
669 2541 768 2590 nuntia
777 2541 845 2592 veri.

174 2605 254 2657 llaec
263 2610 322 2655 tum
334 2605 478 2669 multiplici
489 2606 605 2673 populos
616 2622 743 2660 sermone
753 2609 882 2676 replebat

33 2686 39 2691 ·
118 2692 166 2741 ¹90
176 2673 319 2736 Gaudens,
330 2680 358 2726 et
369 2676 472 2741 pariter
483 2675 555 2726 facta
565 2681 649 2743 atque
658 2677 763 2729 infecta
773 2678 902 2732 canebat:

175 2742 294 2799 Venisse
303 2745 429 2811 Aenean,
439 2745 562 2800 Troiano
573 2760 590 2798 a
600 2748 734 2817 sanguine
745 2753 864 2815 cretum,
895 2754 900 2759 “
