1882 3052
172 125 224 202 us
329 121 360 175 Ρ.
379 119 564 176 vrnoruu
585 114 773 172 unaoms

171 229 271 283 Donec
280 226 339 279 tale
349 226 434 278 decus
444 224 551 277 formae
561 224 685 293 vexaritg
693 226 833 289 etaegros

172 298 236 351 Non
246 297 324 360 tuln,
336 302 366 348 et
375 297 492 346 miseros
502 295 621 345 mutavit
629 293 746 360 virginis
756 296 843 354 arura

174 367 310 419 Caeruleo
321 365 430 433 pollens
440 365 561 416 coniunx
570 362 711 430 Neptunia
720 375 817 428 regno.

120 492 125 500 ,
175 428 230 489 Sul
239 441 334 487 tamen
345 439 488 486 externam
497 435 619 501 squamis
628 433 732 483 vestire
743 429 873 497 puellam,

116 514 166 570 485
175 505 415 572 lnlidosque-inter
424 508 550 555 teneram
560 502 734 554 committere
744 499 834 565 pisces

175 574 238 628 Non
250 573 486 625 statuitsnimium
496 566 930 637 estaridumpeousrlmplrltrites.

175 645 272 697 Atreis
282 644 374 710 potius
384 641 530 695 sublimem
539 641 657 693 sustulit·
661 639 723 703 alis,

175 714 258 765 Esset
267 717 300 762 ut
309 714 337 762 in
347 713 435 763 terris-
443 709 555 762 laeticie
564 709 768 772 nomine-Ciris,
809 709 811 714 “
840 760 849 767 ,

178 783 253 832 Ciris
258 779 412 847 Amyclaeo
423 779 571 831 formosior
578 793 679 831 ansere
689 778 794 831 Ledae.

119 867 169 937 49⁰
178 852 217 902 Ac
227 850 306 902 velut
316 852 344 899 ln
355 850 436 900 niveo
446 853 561 901 tenerae
571 864 632 900 eum
643 849 771 914 primitus
782 860 844 900 oro¹

150 984 151 988 Ἰ
177 918 292 986 Effigies
303 920 453 970 animantis
463 922 493 970 et
501 918 661 970 internodia
670 918 804 969 membris

177 987 347 1056 lmperlecta
355 1002 428 1039 noro
438 987 551 1038 fluitant
560 993 690 1039 concreta
699 987 808 1039 calore:

179 1057 226 1111 Sic
235 1057 341 1125 liquido
353 1055 464 1124 Scyllae
474 1056 672 1108 circumfusum
681 1069 806 1125 aequore
816 1069 910 1124 eorpus

159 1139 163 1152 ’
181 1126 309 1179 Semiferl
320 1126 433 1179 incertis
444 1126 528 1178 etiam
538 1127 748 1194 nuncpartibus
757 1130 838 1177 artus

120 1201 171 1274 695
181 1197 311 1263 Vndique
322 1196 480 1260 mutabant,
490 1200 575 1264 atque
585 1196 709 1264 undique
719 1197 905 1248 mutabantur.

182 1268 246 1319 Oris
256 1264 346 1317 honos
355 1266 489 1331 primum,
500 1266 634 1318 etmultis
645 1270 742 1332 optata
750 1264 864 1329 labella,

180 1337 218 1387 Et
228 1336 340 1403 patulae
350 1334 450 1386 frontis
461 1335 580 1402 species,
591 1349 774 1388 concrescere
782 1335 813 1386 in
823 1350 904 1388 unum

182 1405 319 1472 Coepore,
329 1409 358 1457 et
366 1405 464 1474 gracili
474 1410 598 1457 mentum
609 1405 766 1472 producere
776 1411 878 1457 rostro.

181 1476 268 1536 Tum,
277 1489 333 1542 qua
342 1475 504 1526 remedium
516 1475 614 1541 capitis
624 1474 894 1544 discrimen-agebat,

124 1542 875 1618 5ocheerepente,relutpatriosimitatush'onores,

183 1613 356 1680 Purpuream
368 1614 507 1665 concussit
517 1628 589 1680 apex
599 1614 626 1664 in
638 1615 742 1666 vertice
753 1613 875 1666 cristam.

182 1683 218 1748 nt
228 1683 320 1733 mollis
330 1684 422 1734 varios
433 1684 559 1735 intexens
565 1683 664 1750 pluma
673 1685 786 1736 colores

183 1752 373 1804 Marmoreum
383 1753 492 1805 volucri
500 1755 611 1804 vestivit
620 1754 741 1821 tegmine
753 1769 865 1822 eorpus,

183 1820 330 1889 Lectaque
340 1829 489 1889 perpetuas
500 1823 634 1875 fuderunt
643 1822 759 1875 brachia
770 1839 883 1890 pennas.

126 1894 175 1948 505
183 1890 253 1941 Inde
263 1891 332 1942 alias
339 1897 452 1958 partes,
463 1894 604 1961 minioque
614 1892 719 1946 insecta
728 1895 843 1946 rubenti

187 1960 272 2022 Cura,
283 1976 354 2011 nora
365 1963 467 2013 macies
479 1964 596 2014 obduxit
604 1962 732 2030 squalida
742 1965 822 2030 pelli,

184 2029 223 2082 Et
232 2029 347 2096 pedibus
358 2033 463 2082 teneris
473 2048 579 2100 ungues
590 2034 822 2085 confixitacutos.

185 2099 222 2150 Et
232 2102 325 2148 tamen
336 2096 389 2148 hoc
399 2099 511 2151 domum
522 2104 641 2154 miserae
652 2119 821 2155 succurrere
831 2110 904 2169 pacto

184 2168 240 2218 Vix
249 2167 342 2223 luerat
351 2166 460 2232 placida
469 2169 591 2236 Neptuni
602 2173 718 2239 coniuge
728 2173 853 2240 dignum.

128 2243 177 2295 510
186 2236 333 2304 Nunquam
343 2236 420 2287 illam
431 2239 547 2305 posthac
557 2241 631 2292 oculi
641 2242 734 2294 videre
745 2258 862 2294 suorum

187 2307 345 2371 Purpureas
357 2305 430 2358 ilavo
440 2309 606 2362 retinentem
617 2312 720 2362 vertice
730 2314 831 2376 vittas3

185 2376 250 2430 Non
262 2373 400 2426 thalamus
409 2379 498 2443 Tyrio
510 2377 637 2446 fragrans
649 2383 756 2447 accepit
766 2396 885 2443 amomo,

187 2445 290 2498 Nullae
300 2444 377 2495 illam
388 2447 476 2499 sedes.
498 2448 571 2510 Quid
580 2451 634 2500 iam
645 2466 708 2502 cum
720 2451 834 2504 sedibus
845 2449 900 2502 illi!

189 2516 266 2578 Quae
277 2514 364 2566 simul
374 2523 405 2567 ut
416 2532 477 2568 sese
488 2533 556 2569 cano
570 2519 603 2571 de
614 2522 724 2587 gurgite
735 2521 820 2572 velox

131 2587 179 2640 515
190 2585 258 2635 oum
270 2586 362 2635 sonitu
374 2586 410 2637 ad
420 2587 528 2639 coelum
539 2589 720 2641 stridentibus
731 2591 836 2642 extulit
846 2591 903 2653 alis,

187 2654 225 2707 Et
235 2654 355 2708 multum
364 2655 422 2711 late
433 2657 563 2728 dispersit
573 2660 601 2711 in
612 2674 734 2728 aequore
745 2677 854 2727 rorem3
