1882 3052
88 122 107 178 s
139 145 206 202 rao*
294 147 323 200 r.
342 147 525 202 vincum
548 146 736 201 ursonis

137 252 260 317 inscius3
276 256 361 318 atque
370 251 446 302 ultro
457 244 548 302 verbis
558 250 709 318 compellat
720 251 782 301 amir

139 320 297 382 Festinata,
309 322 370 371 viri.
391 320 461 372 Nam
472 335 544 387 quae
554 327 611 370 tam
622 334 685 370 sera
695 332 782 371 morai

141 388 297 457 Segnitiesi
312 390 367 441 Alii
376 391 489 453 rapiunt
500 390 613 440 incensa
622 387 773 456 feruntque

81 459 130 526 575
141 459 288 525 Pergama:
303 472 352 508 ros
362 457 443 508 celsis
454 473 528 508 nunc
537 459 656 524 primum
668 472 685 507 a
695 459 782 509 navibi

142 526 234 590 Dixit3
249 531 278 578 et
287 525 425 592 extempio
434 541 568 594 -neque
580 527 652 578 enim
664 540 782 592 respons

552 594 657 645 bantur

140 665 211 716 Fida
220 664 288 714 satis
297 693 330 702 -—
339 665 437 726 sensit,
447 664 554 715 medios
565 663 694 730 delapsus
705 664 735 714 in
745 661 782 713 ho

124 785 127 789 ,
142 734 304 798 Obstupuit,
315 736 448 799 retroque
458 733 556 798 pedem
568 748 630 783 cum
641 746 707 784 voce
719 746 782 798 repr

140 802 323 866 Improvisum
334 804 423 868 aspris
433 802 519 852 veluti
531 802 577 868 qui
588 802 711 852 sentibus
722 815 782 867 ειυς

83 872 133 928 580
141 870 248 920 Pressit
258 868 335 920 humi
346 873 448 932 nitens,
459 871 639 938 trepidusque
649 874 765 935 repente
776 884 782 918 i

141 937 325 990 Attollentem
333 940 403 1001 iras,
415 945 443 990 et
453 939 566 990 caerula
577 938 651 988 coila
661 942 782 988 tumente

141 1007 227 1058 Haud
237 1012 317 1058 secus
326 1009 489 1074 Androgeus
499 1010 560 1058 visu
569 1005 751 1058 tremefactus
762 1007 782 1056 a'

142 1077 291 1138 irruimus,
303 1076 395 1127 densis
406 1081 435 1128 et
445 1074 694 1128 circumfundimur
704 1075 782 1126 armi:

143 1145 314 1211 ignarusque
325 1145 380 1195 loci
391 1146 493 1211 passim
504 1151 533 1196 et
542 1143 691 1195 formidine
702 1149 782 1210 capta

85 1215 135 1270 585
145 1212 314 1276 Sterninms3
329 1214 455 1279 adspirat
465 1215 555 1278 primo
567 1211 682 1263 fortuna
692 1211 783 1263 labori

145 1280 234 1349 Atque
245 1280 291 1333 bic
300 1297 429 1334 successu
439 1280 581 1332 exsultans
591 1281 745 1348 animisque
752 1281 782 1332 C(

146 1351 169 1400 0
181 1352 262 1413 socii,
273 1365 327 1418 qua
337 1352 440 1417 prima,
449 1349 551 1417 inquit,
560 1349 688 1400 Fortuna
698 1348 783 1399 saluti

146 1418 782 1488 Monstratiter‚quaqueostenditsedextrase«

146 1489 289 1540 Mutamus
299 1489 417 1556 clipeos,
428 1489 610 1554 Danaumque
621 1488 741 1553 insignia
751 1501 782 1537 nt

84 1563 136 1631 590
145 1559 287 1624 Aptemus.
297 1558 397 1620 Dolus,
409 1572 444 1608 an
455 1559 551 1618 sistus,
558 1557 619 1622 quis
630 1556 659 1605 in
670 1553 751 1606 hoste
762 1570 782 1605 r·

145 1627 230 1678 Arma
239 1627 346 1678 dabunt
355 1627 415 1693 ipsi.
437 1624 484 1677 Sic
494 1624 581 1688 fatus,
594 1625 695 1675 deinde
705 1637 782 1674 coma

145 1696 285 1762 Androgei
296 1696 416 1762 galeam,
428 1693 564 1762 clipeique
574 1694 682 1759 insigne
693 1693 780 1743 decor

143 1764 286 1825 luduitur‚
298 1766 435 1830 laterique
446 1765 575 1829 Argivum
587 1762 781 1812 accommodat

144 1831 208 1883 Hoc
219 1830 351 1896 Rhipeus,
362 1831 416 1882 hoc
426 1833 485 1897 ipse
495 1833 610 1898 Dymas,
622 1833 767 1897 omnisque
778 1833 782 1879 i

85 1905 136 1972 595
145 1899 236 1950 Laeta
248 1899 329 1962 facit3
346 1900 442 1965 spoliis
452 1915 482 1951 se
493 1901 609 1967 quisque
620 1900 781 1951 recentibus

145 1968 279 2019 Vadimus
290 1969 407 2018 immixti
418 1967 524 2016 Danais
535 1968 609 2016 haud
619 1969 731 2018 numine
743 1983 780 2018 no

145 2036 293 2101 Multaque
304 2049 353 2100 per
363 2048 475 2085 caecam
486 2036 626 2102 congressi
637 2034 746 2101 proelia
756 2053 782 2086 m

146 2104 336 2165 Conserimus3
352 2102 456 2153 multos
467 2103 595 2154 Danaum
607 2105 779 2155 demittimus

144 2171 305 2239 Diffugiunt
314 2171 361 2223 ulii
372 2172 407 2223 ad
418 2187 515 2235 naves,
527 2179 555 2223 et
566 2173 651 2224 litora
662 2188 744 2224 cursu

12 2244 24 2255 ²
86 2244 136 2298 400
145 2241 216 2293 Fida
225 2246 337 2306 petunt3
353 2256 418 2308 pars
428 2243 568 2308 ingentem
580 2241 727 2294 iorniidine
739 2248 782 2293 tur

146 2309 291 2362 Scandunt
300 2325 397 2361 rursus
408 2326 517 2378 equum,
529 2312 780 2362 etnotaconduntu

145 2379 210 2432 Heu
220 2377 290 2429 nihil
300 2379 394 2430 invitis
404 2379 446 2430 fas
457 2395 624 2447 quemquam
634 2381 721 2432 tidere
732 2380 782 2431 dir.

180 2450 253 2503 Ecce
262 2447 426 2500 trahebatur
436 2450 523 2514 passis
534 2450 673 2501 Priameia
683 2451 762 2518 virgo

146 2518 274 2571 Crinibus
284 2512 302 2569 'a
312 2517 417 2583 templo
429 2518 584 2571 Cassandra
594 2519 743 2586 adytisque
753 2519 782 2569 M

87 2589 137 2646 405
145 2589 187 2640 dd
198 2586 307 2640 coelum
317 2588 434 2639 tendens
445 2588 571 2639 ardentia
581 2587 688 2638 lumina
698 2587 782 2640 frustr

145 2658 279 2722 Lumina;
296 2673 359 2710 nam
370 2662 480 2712 teneras
490 2657 625 2712 arcebant
634 2657 747 2714 vincula
756 2673 782 2726 pr
