1882 3052
238 75 551 163 neuemosnra
569 110 639 163 vn.
766 111 818 166 215

10 210 33 246 ιῑ
112 205 201 271 llioite,
210 206 404 276 Dardanidae,
415 228 506 281 neque
517 214 590 265 enim
600 215 738 266 nescimus
749 222 778 267 et
832 223 876 290 ¹95

10 282 52 313 [Ἠ-
168 284 172 293 ’
474 282 571 334 ur'bem

10 348 50 421 ,ὑὶ
91 340 203 414 ligerius,
214 350 360 417 auditique
370 350 514 402 advertitis
525 319 647 420 ausuum
658 368 778 415 cursum,

10 426 15 445 '
91 406 253 484 impetisse
269 435 339 486 quae
350 435 449 470 caussa
458 424 545 483 rates,
555 428 605 473 aut
616 425 694 473 cuius
705 429 818 488 egentes

10 505 17 513 ·
37 484 45 489 ’
87 474 139 535 ltus
147 486 184 537 ad
192 490 350 539 Ausonium
360 493 405 539 tot
415 503 464 554 per
474 490 544 541 vada
554 492 668 542 caerula
678 491 769 557 repit?

10 548 56 585 ἨΕ
84 542 122 607 ‘ro
130 570 230 608 errore
240 559 314 620 riae,
324 573 374 609 seu
385 559 596 625 tempestatibus
606 563 672 612 acti:

81 616 167 681 hoalia
176 625 271 676 multa
281 629 353 677 mari
363 632 464 685 nautae
475 630 620 694 patiuntur
628 632 657 681 in
668 629 738 691 alto)
828 650 877 683 ooo

76 680 191 745 fluminis
201 696 330 746 intrastis
340 697 427 761 ripas,
437 704 575 765 portuque
585 699 702 751 sedetis:

70 748 100 813 Νι
108 762 197 832 fugite
209 762 376 838 hospitium,
387 781 456 817 nevo
467 769 595 834 ignorate
604 768 721 820 Latinos

12 822 33 855 ⁵
67 818 168 883 intumi
177 833 391 900 gentem,haud
401 836 493 887 vinclo
503 852 554 888 neo
564 837 673 904 legibus
683 851 808 904 aequam,

62 888 160 967 ⁸ponte
169 918 225 953 sua
233 904 392 971 veterisque
403 904 448 955 (lei
458 921 488 956 se
498 921 577 957 more
587 910 738 971 tenentem.
809 952 815 962 ,

55 960 140 1038 fitque
151 971 411 1039 equidem'meminl
421 973 507 1036 (fama
518 980 561 1026 est
573 975 717 1025 obscurior
728 977 818 1035 annis)
828 980 877 1030 205

56 1032 197 1091 Auruncos
208 1044 252 1091 ita
264 1040 338 1093 ferre
349 1056 442 1103 senes,
454 1041 496 1097 his
507 1049 586 1093 ortus
597 1048 629 1093 ut
639 1044 713 1109 agris

10 1102 14 1123 '
52 1096 206 1161 Dardanus
217 1109 318 1160 Idaeas
324 1109 468 1178 Phrygiae
480 1114 636 1178 penetrarit
643 1112 681 1163 ad
691 1113 784 1171 urbes,

49 1168 271 1247 Threiciamque
282 1178 408 1255 Samum,
418 1188 491 1300 qu'ap
499 1197 572 1233 nunc
580 1179 773 1244 Samothracia

490 1256 576 1301 artur.

47 1308 124 1370 Hinc
133 1316 222 1368 illurn
233 1316 352 1384 Corythi
363 1317 512 1384 Tyrrhena
523 1319 557 1370 ab
568 1320 633 1372 sede
643 1318 799 1386 profectum

10 1443 12 1452 ¹
47 1384 147 1439 Aurea
155 1402 236 1437 nuno
245 1386 317 1437 solio
328 1388 467 1438 stellantis
478 1389 556 1455 regia
566 1390 638 1441 coeli
829 1408 877 1439 210

10 1466 12 1512 ἰ
48 1454 176 1525 Accipit,
187 1460 221 1507 et
230 1471 375 1507 numerum
387 1457 513 1506 divorum
524 1457 659 1510 altoribus
668 1458 753 1509 addit.
783 1476 786 1480 ·

10 1544 12 1557 ·
84 1526 221 1577 Dixerat.
238 1525 276 1576 Et
284 1525 359 1577 dieta
369 1526 490 1576 Ilioneus
501 1528 541 1577 sio
551 1542 616 1578 voce
626 1536 750 1579 secutus:

49 1592 126 1659 linx,
137 1609 233 1663 gerim
243 1596 386 1662 egregium
398 1593 499 1656 Fauni,
511 1610 561 1647 neo
571 1595 702 1653 fluctibus
713 1602 791 1646 actos

50 1664 121 1715 Atra
130 1664 247 1730 subegit
258 1662 345 1715 hiems
358 1666 456 1714 vestris
466 1664 615 1717 succedere
626 1667 718 1726 terris,
813 1664 816 1670 '

55 1732 113 1785 Neo
122 1733 205 1785 aidus
215 1734 331 1800 regione
342 1734 402 1785 riae
414 1733 515 1784 litusve
525 1733 639 1786 fefellit:
751 1776 755 1783 .
831 1743 878 1794 215

61 1802 178 1855 minuo
189 1800 265 1853 hane
274 1817 370 1855 omnes
381 1804 534 1870 animisque
545 1804 703 1855 volentibus
714 1804 810 1853 urbem

60 1868 221 1933 All'erinur,
231 1871 307 1938 pulsi
316 1874 423 1940 regnis,
434 1888 505 1940 quae
515 1875 635 1933 maxima
646 1872 783 1941 quondam

57 1938 194 1993 hauno
205 1942 320 1993 veniens
332 1941 381 1993 Sol
392 1943 563 2007 adspiciehat
574 1943 704 2008 Olympo.

31 2050 44 2063 .
59 2012 96 2067 hh
106 2012 172 2063 lore
184 2011 355 2077 principium
365 2014 488 2078 generis3
503 2014 568 2063 love
579 2011 713 2067 Dardana
724 2010 810 2076 pubes

60 2078 169 2133 Gaudet
177 2094 241 2131 aro.
262 2080 321 2131 Rex
331 2082 484 2147 ipse,lovis
495 2081 529 2133 de
539 2087 622 2148 gente
632 2078 770 2148 supremo,
831 2102 880 2136 290

60 2148 159 2201 'l'rtiiua
169 2151 282 2201 Aeneas
293 2155 343 2200 tua
353 2166 403 2201 nos
415 2151 450 2200 ad
460 2150 558 2208 limina
567 2152 649 2201 misit.
690 2188 695 2198 .

61 2218 169 2281 Quanta
178 2233 232 2285 per
242 2219 341 2270 Idaeos
351 2221 440 2271 saevis
451 2218 541 2270 effusa
550 2220 677 2287 Mycenis

62 2284 224 2355 Tempestas
235 2289 300 2341 iorit
310 2303 434 2354 campos3
450 2290 550 2356 quibus
561 2297 640 2340 aetus
651 2296 769 2354 uterque

60 2358 284 2426 Europaeatqne
296 2359 377 2411 Asiae
388 2358 452 2409 fatis
465 2362 640 2412 concurrerit
651 2350 738 2419 orbim

59 2430 165 2493 Audiit,
176 2429 241 2483 etsi
250 2442 333 2496 quern
344 2428 428 2481 tellus
441 2433 567 2483 extrema
576 2431 672 2482 refuso
727 2490 735 2499 ⁵
832 2429 909 2483 ori

60 2498 213 2553 Submovet
221 2500 348 2562 Oceano,
360 2502 421 2552 etsi
432 2515 514 2566 quem
521 2505 640 2553 extenta
650 2497 795 2565 plagarum

59 2569 189 2634 quatuor
198 2569 330 2620 inmerito
340 2570 449 2621 dirimit
457 2569 543 2636 plaga
553 2567 629 2621 Solis
640 2569 739 2639 iniqui.

53 2640 163 2686 nirano
172 2651 210 2686 er
217 2636 270 2685 illo
281 2640 326 2683 tot
334 2642 413 2688 rasta
420 2651 477 2701 per
488 2652 619 2706 aequora
630 2644 710 2697 vecti
