1882 3052
119 173 342 228 Aruernos
364 176 442 229 LlB.
460 178 482 229 1.
642 174 693 230 11³

100 282 133 328 et
143 278 250 344 Libyae
261 279 381 330 lustrare
392 285 518 334 extrema
527 279 636 343 iubebo,

98 347 192 397 iectus
201 347 277 398 silvis
288 353 337 398 aut
345 349 459 400 urbibus
470 354 553 401 errat.

98 429 156 465 ium
165 417 270 466 arrecti
280 416 373 479 dietis,
383 423 412 468 et
422 418 504 469 fortis
512 416 632 469 Achates

98 499 180 535 eneas
189 484 350 535 iamdudum
360 501 506 553 erumpere
516 486 619 537 nubem
703 481 754 540 580

104 551 192 603 Prior
201 555 314 605 Aenean
325 556 475 621 compellat
483 555 613 607 Achates:

98 635 166 688 quae
176 637 251 672 nune
260 623 353 673 auimo
363 626 503 676 sententia
512 623 623 691 surgltl

98 690 208 752 uides,
223 690 338 742 classem
348 695 492 760 sociosque
502 699 642 760 receptos.
745 693 756 703 ’

98 776 114 820 ι,
126 759 219 809 medio
229 760 258 810 in
269 759 356 811 lluetu
368 777 449 828 quem
458 763 577 813 vidimus
586 761 642 830 ipsi
751 804 754 809 ,

98 843 130 890 u;
144 827 226 878 dietis
235 829 408 895 respondent
416 837 510 883 cetera
519 835 625 882 matris.
703 825 752 884 585

98 911 122 946 is
133 902 207 958 erat,
218 912 304 964 quum
314 899 482 950 circumfusa
492 904 608 965 repente

98 965 196 1027 nubes,
207 968 274 1035 etin
284 965 399 1019 aethera
409 974 511 1035 purgat
521 974 656 1033 apertum.

98 1049 184 1096 neas,
194 1034 325 1103 claraque
334 1037 363 1087 in
373 1038 436 1088 luce
446 1036 565 1099 refulsit,

98 1103 695 1172 »squedeosimilis3namqueipsadeeoranr

106 1177 174 1223 nato
184 1175 325 1238 genetrix,
337 1174 486 1241 lumenque
495 1176 625 1226 iuventae
705 1173 755 1240 590

98 1250 126 1303 u,
137 1241 265 1293 etlaetos
276 1242 364 1292 oeulis
374 1243 484 1294 afflarat
493 1243 625 1295 honores:

98 1325 139 1360 ius
149 1309 258 1362 addunt
267 1310 344 1361 ebori
355 1312 452 1374 decus,
462 1318 510 1363 aut
519 1312 567 1362 ubi
579 1312 651 1363 llavo

101 1378 234 1430 Pariusve
246 1381 318 1447 lapis
329 1381 518 1432 circumdatur
529 1395 607 1431 auro.
664 1390 672 1401 ·

98 1449 197 1514 eginum
208 1448 375 1518 alloquitur,
386 1452 548 1517 cunctisque
558 1454 673 1514 repente

98 1519 167 1568 rait:
183 1518 295 1581 eoram,
305 1534 386 1586 quern
397 1519 543 1586 quaeritis,
554 1518 652 1570 adsum
705 1511 755 1582 595

98 1600 170 1648 reas,
180 1586 294 1654 Libyeis
305 1593 418 1653 ereptus
429 1586 463 1638 ab
474 1588 564 1640 undis.
575 1601 576 1604 ’

98 1656 171 1707 ‚udos
181 1658 283 1709 Troiae
292 1659 424 1709 miserata
433 1655 552 1719 labores,

98 1725 231 1791 reliquias
241 1727 382 1789 Danaum,
397 1731 545 1792 terraeque
556 1726 696 1792 marisque

98 1793 233 1845 xhaustos
243 1797 299 1846 iam
310 1795 431 1855 casibus,
442 1796 564 1844 omniurn
576 1807 686 1860 egenos,

101 1878 117 1914 o
140 1865 243 1924 socias,
253 1871 347 1928 grates
358 1861 517 1928 persolvere
528 1862 625 1930 dignas
703 1855 754 1909 600

98 1937 241 1994 ltnostrae
251 1932 334 1994 Dido,
344 1931 535 1997 necquidquid
540 1932 642 1998 ubique
653 1935 696 1983 est

98 2000 216 2063 trianiae,
227 2016 366 2119 magnunq)
370 2013 441 2065 quae
451 2013 549 2065 sparsa
558 2013 609 2065 per
618 2013 661 2051 or·

369 2083 420 2118 em.

98 2154 148 2206 qua
156 2139 218 2204 pios
228 2142 389 2203 respectant
398 2136 523 2198 numina,
533 2135 557 2185 si
567 2134 635 2203 quid

98 2210 180 2259 stitia
190 2211 244 2268 est,
255 2212 284 2258 et
293 2220 372 2258 mens
381 2206 433 2256 sibi
444 2205 555 2255 conseia
563 2205 643 2266 recti,

98 2279 159 2346 lgna
170 2276 271 2329 ferant.
290 2275 368 2337 Quae
377 2278 407 2326 te
416 2279 474 2326 tarn
484 2273 560 2324 laeta
568 2272 696 2324 tulerunt
704 2262 753 2316 ⁶05

98 2349 134 2414 [ui
143 2347 216 2397 tanti
225 2342 311 2394 taleni
321 2358 443 2411 genuere
453 2340 600 2409 parentes'l

100 2432 128 2468 m
138 2416 216 2469 llurii
226 2418 348 2475 current,
358 2412 424 2463 (lum
433 2411 576 2463 montibus
581 2410 697 2463 umbrae

98 2489 112 2535 t
121 2495 259 2544 convexa,
270 2481 351 2548 polus
362 2482 428 2532 dum
438 2481 531 2532 sidera
540 2485 648 2547 pascet:

98 2569 154 2606 uos
163 2567 319 2618 nomenque
329 2556 420 2672 tqunr,
431 2549 589 2624 laudesque
597 2562 692 2604 mune·

362 2627 422 2688 unt,

98 2698 171 2750 nque
180 2692 400 2748 roesntterrae.
419 2693 470 2752 sie
479 2695 577 2826 ἓως,
589 2698 725 2757 auitum
731 2694 793 2752 inu
