1882 3052
199 184 409 268 nnunroos
431 217 510 270 mn.
528 219 565 271 11.
709 215 757 270 1³⁷

10 315 112 379 usedit,
123 316 223 369 nimbo
233 318 381 387 effulgens,
392 325 421 372 et
430 321 563 388 Gorgone
572 334 665 372 sueva.

10 402 52 455 pse
61 389 152 455 pater
161 387 270 439 Danais
280 391 386 439 animos
395 392 521 458 viresque
530 390 668 441 secundas

10 457 118 519 iudieit3
133 457 197 524 ipse
206 456 274 508 deos
282 459 312 508 in
321 459 454 510 Dardana
463 461 580 510 suscitat
589 473 675 510 arma.

10 528 91 594 iripe,
101 525 456 596 nate‚fugam‚linemque
466 529 581 595 impone
588 528 688 579 labori.

10 595 140 664 inaquam
151 596 253 658 abero,
264 602 293 647 et
301 601 392 646 tutum
402 599 492 663 patrio
503 604 531 648 te
542 597 637 648 limine
647 598 750 647 sistam.
770 593 819 645 620

10 666 128 726 lixerat,
138 667 170 714 et
179 665 275 730 spissis
285 667 374 716 noctis
384 681 415 717 se
426 667 549 717 condidit
558 668 671 719 umbris.

10 735 140 800 lpparent
151 731 233 783 dirae
243 731 340 797 facies,
350 735 516 803 inimicaque
526 738 629 788 Troiae

10 802 119 854 lumina
128 816 234 869 magna
243 802 332 853 dedm.

28 874 104 923 Tum
114 885 186 922 vero
197 886 278 923 omne
288 871 355 923 mihi
365 874 452 923 risum
465 875 607 926 considere
617 875 645 925 in
655 874 735 941 ignes

11 941 91 1006 lium,
101 947 132 992 et
143 942 247 992 eximo
258 944 328 993 verti
338 942 480 1008 Neptunia
490 945 590 1006 'l'roia3
770 944 819 997 525

10 1012 45 1074 le,
53 1010 147 1063 veluti
157 1012 273 1061 summis
283 1015 425 1079 antiquam
436 1014 464 1062 in
475 1012 616 1063 montibus
627 1026 724 1061 ornum

10 1081 87 1143 laum
98 1078 182 1132 ferro
192 1082 311 1132 accisam
322 1082 482 1148 crebrisque
487 1082 762 1147 bipennibusinstant

10 1150 103 1203 imore
154 1148 259 1201 ricolae
270 1152 410 1214 certatim3
425 1151 477 1200 illa
486 1166 573 1218 usque
583 1151 713 1211 minatur,

10 1221 33 1271 tt
39 1228 133 1272 treme
147 1224 214 1269 aeta
224 1234 330 1270 comam
341 1235 475 1271 eonousso
486 1222 687 1279 vertieenutat‚

10 1288 175 1341 Vulneribus
185 1287 274 1340 donee
284 1288 429 1354 paullatim
440 1290 529 1339 euicta
537 1302 697 1356 supremum
773 1291 822 1342 630

10 1358 181 1427 lougemuit‚
191 1358 333 1424 traxitque
343 1359 415 1424 iugis
425 1357 521 1407 avulsa
531 1361 648 1407 ruinam.

10 1421 158 1488 descendo,
170 1440 202 1476 ao
212 1426 331 1476 ducente
342 1426 394 1476 deo
404 1425 543 1476 flammam
552 1427 626 1476 inter
637 1422 763 1475 ethostes

10 1495 156 1564 &pedion
173 1494 242 1544 dant
250 1495 308 1546 tela
318 1495 419 1556 locum,
428 1494 611 1562 flammaeque
621 1493 763 1545 recedunt.

29 1568 123 1635 Atque
134 1565 184 1614 ubi
195 1564 250 1614 iam
261 1565 367 1630 patriae
379 1561 765 1630 perventumadliminaoedis

10 1636 58 1686 luti
77 1649 191 1702 uosque
202 1634 311 1694 domos,
321 1634 439 1699 genitor,
450 1648 531 1700 quern
542 1632 643 1684 tollere
653 1632 682 1681 in
693 1630 764 1680 altos
774 1635 823 1688 655

10 1652 139 1771 aptalon
151 1704 272 1769 primum
283 1708 403 1764 montes,
414 1704 589 1769 primumque
600 1700 736 1768 petebam,

10 1774 127 1843 lbnegat
137 1773 234 1823 excise
244 1773 328 1821 uitam
340 1772 494 1837 producere
505 1772 599 1832 Troia,

10 1843 196 1910 Exsiliumque
207 1842 273 1908 pati.
292 1841 351 1891 Vos
362 1855 391 1902 o,
402 1842 501 1908 quibus
512 1842 621 1907 integer
631 1838 691 1890 aevi

10 1909 133 1981 longuis,
145 1911 199 1972 ait,
210 1909 371 1976 solidaeque
380 1924 430 1960 suo
441 1915 517 1960 stant
526 1909 629 1961 robore
639 1908 721 1970 virsa,

10 1980 55 2032 l'os
64 1977 293 2049 agitatesugam.
774 1979 824 2030 oio

10 2048 45 2102 lle
54 2054 77 2101 si
89 2047 250 2101 coelicolae
261 2047 413 2098 voluissent
422 2047 524 2098 dueere
534 2048 629 2109 uitam,

10 2117 56 2170 llas
65 2117 139 2170 mihi
151 2121 310 2168 servassent
319 2117 405 2166 sedes.
425 2115 499 2168 Satis
510 2132 565 2166 una
575 2128 714 2183 superque

10 2186 129 2240 Vidimus
141 2185 265 2250 excidia,
276 2190 305 2236 et
315 2191 412 2250 captae
421 2187 611 2251 superavimus
622 2184 694 2234 urbi.

11 2254 46 2309 lie
56 2273 87 2322 o,
97 2259 140 2309 sie
151 2257 276 2324 positum
286 2253 364 2305 affati
375 2255 506 2305 discedite
517 2268 627 2320 eorpus.

12 2326 160 2393 lpsemm
170 2329 290 2375 mortem
301 2324 451 2387 inveniam3
465 2323 644 2374 miserebitur
654 2318 751 2383 hostis,
777 2320 826 2375 645

12 2396 184 2463 lixoviosque
195 2398 279 2459 petet
300 2392 402 2443 Facilis
412 2395 522 2443 iactura
532 2390 661 2458 sepulcri.

12 2465 62 2517 laun
70 2465 185 2533 pridem
195 2463 301 2513 invisus
310 2462 392 2523 divis,
402 2466 432 2511 et
440 2461 559 2523 inutilis,
570 2473 659 2511 annos

13 2534 161 2596 demoror,
172 2546 209 2584 ex
218 2545 273 2599 quo
283 2546 328 2582 me
338 2531 430 2581 divum
441 2536 521 2596 pater
532 2537 616 2598 atque
627 2525 768 2578 hominum

424 2614 475 2652 rex

13 2672 147 2727 Fulminis
158 2669 263 2723 afflavit
271 2669 373 2731 ventis,
385 2673 414 2719 et
422 2671 541 2737 contigit
550 2669 616 2734 igni.

14 2744 91 2797 Talia
99 2740 247 2812 perstabat
255 2752 424 2802 memorans,
434 2738 563 2809 iixuque
571 2733 714 2790 manebat.
784 2733 888 2876 aas!
