1882 3052
300 733 858 807 r.vruc1u11MAu0N1s
927 824 930 829 Ι

134 950 145 961 ,
229 881 263 963 C
400 877 422 959 1
558 874 601 957 rt
736 873 759 955 l
895 867 921 949 S

397 1010 456 1088 no
486 1034 792 1090 messenum,-

201 1288 281 1371 Etsi
292 1332 337 1370 me
347 1318 425 1368 vario
435 1318 570 1368 iactatum
581 1315 672 1366 laudis
682 1329 790 1378 anrore,

203 1390 342 1455 lrriteque
352 1391 497 1453 expertum
508 1384 616 1436 fallacis
627 1385 751 1451 praemia
760 1383 847 1451 vulgi,

207 1457 354 1523 Cecropius
362 1469 460 1505 suaves
470 1454 612 1520 exspirans
622 1451 752 1504 hortulus
763 1466 848 1504 ouras

205 1525 346 1577 Florentis
357 1522 436 1573 viridi
448 1520 567 1588 Sophiae
578 1521 775 1587 complectitur
786 1522 893 1573 umbra:

182 1589 198 1639 5
207 1593 279 1645 Num
290 1607 352 1644 mea
357 1596 473 1659 quaeret
479 1590 687 1657 eodignumsibi
693 1604 830 1659 quaerere
836 1598 936 1640 carnaea

206 1662 303 1730 Longe
314 1660 390 1712 aliud
400 1659 520 1710 studium
529 1664 612 1725 atque
621 1658 691 1709 alios
701 1660 828 1710 accincta
836 1657 931 1708 labora

206 1731 298 1782 Altius
308 1730 343 1781 ad
355 1730 446 1796 magni
456 1727 600 1794 suspendit
610 1726 704 1778 sidera
714 1728 823 1790 mundi,

207 1801 245 1849 Et
255 1799 386 1864 placitum
397 1799 492 1863 paucis
502 1811 570 1846 ausa
579 1802 622 1846 est
632 1796 805 1848 adscendere
815 1795 920 1847 collem:

205 1868 269 1917 Non
279 1874 371 1917 tamen
383 1867 512 1916 absistam
523 1869 650 1930 coeptum
662 1864 797 1916 detexere
807 1860 908 1915 nlunus

168 1949 198 1984 ιο
206 1936 238 1984 ln
249 1949 302 2000 quo
314 1936 375 1984 iure
387 1949 462 1984 meas
473 1934 578 1985 utinam
589 1934 764 2000 requiescere
775 1934 879 1993 Musas,

206 2005 244 2055 Et
255 2002 353 2053 leniter
361 2002 492 2052 blandum
505 2002 587 2053 liceat
597 2001 737 2067 deponere
746 2017 862 2054 morem.

208 2070 289 2132 Quod
300 2072 323 2120 si
335 2071 480 2120 nririticum
492 2069 617 2136 proferre
627 2069 722 2121 valent
732 2086 825 2138 genus
834 2078 917 2120 omnes

207 2139 357 2189 Mirilicunr
367 2137 447 2198 secli,
457 2139 540 2188 modo
551 2139 588 2189 sit
597 2139 646 2190 tibi
657 2138 728 2190 velle
740 2139 842 2201 libido;

208 2206 236 2259 Si
248 2221 292 2258 me
301 2208 357 2257 iam
366 2220 474 2257 summa
483 2205 625 2273 Sapientia
637 2213 772 2274 pangeret
782 2214 860 2267 arcej
938 2224 941 2314 p

170 2275 465 2342 eunomianique
476 2290 547 2342 quae
559 2275 708 2328 heredibus
719 2277 835 2329 estdato
842 2284 913 2327 conso

212 2345 291 2396 Vnde
301 2342 443 2395 hominum
454 2359 562 2396 errores
572 2346 655 2412 longe
665 2345 779 2415 lateque
790 2361 840 2414 per
850 2342 922 2396 orbe·

211 2414 374 2479 Despicere‚
385 2417 468 2481 atque
479 2411 597 2466 humiles
607 2428 716 2481 possem
728 2422 900 2468 contemnere

626 2499 720 2535 curas:

212 2552 274 2603 Non
286 2567 337 2620 ego
348 2557 375 2604 te
387 2552 471 2606 talem
482 2568 630 2605 venerarer
640 2569 756 2606 munere
766 2551 832 2617 tali3
939 2599 941 2613 ,

212 2620 275 2671 Νοη
286 2621 426 2690 equidem3
442 2624 564 2689 quamvis
575 2623 713 2674 interdum
725 2622 826 2675 ludere
836 2618 907 2677 notis

167 2710 202 2748 20
211 2691 250 2745 Et
260 2690 393 2763 gracilem
402 2691 481 2744 molli
488 2691 574 2744 liceat
582 2692 651 2758 pede
663 2691 795 2745 claudere
804 2699 908 2744 versum

209 2763 272 2820 Sed
282 2778 389 2839 nragno
399 2765 545 2824 intexens,
551 2763 577 2813 si
584 2759 630 2812 ias
637 2765 681 2812 est
687 2759 885 2827 diceremeplo„
