1882 3052
197 120 250 175 242
365 119 396 173 r.
413 88 805 192 vrncrcuunnon'rs

199 218 292 277 llic'et
299 230 360 275 tum
370 230 451 291 pater
462 226 520 291 ipse
531 230 628 290 petens
633 239 772 290 ,responsa
782 222 904 273 Latinus

200 297 316 346 Centum
328 294 467 360 lanigeras
479 295 618 344 mactabat
627 295 681 345 rite
690 293 829 354 bidentes,

43 402 46 407 -
200 366 288 431 Atque
299 362 398 415 harum
409 360 522 414 effultus
532 368 612 430 tergo
621 364 771 428 stratisque
782 360 894 412 iacebat

105 435 107 439 ’
158 439 190 502 95
200 433 368 485 Velleribus.
384 430 481 483 Subita
491 445 526 484 ex
537 431 594 484 alto
605 434 659 484 vox
668 431 780 483 reddita
790 431 856 481 luco
866 418 937 495 estsffi

200 501 241 554 Ne
252 507 315 568 pete
326 502 469 552 connubiis
479 506 574 552 natam
583 502 691 553 sociare
701 501 821 563 Latinis,
924 548 931 557 ,

200 571 223 622 0
235 586 297 623 mea
307 571 466 636 progenies,
477 569 607 620 thalamis
617 585 672 622 neu
681 569 764 621 crede
775 569 894 637 paratim

199 641 317 692 Externi
328 641 442 690 veniunt
451 641 560 706 generi,
572 640 618 707 qui
629 640 767 706 sanguine
775 643 902 690 nostrum

200 708 308 760 Nomen
317 709 347 758 in
358 712 435 759 astra
445 707 551 771 ferent,
559 723 733 776 quorumque
743 708 781 759 ab
789 709 878 774 stirpe
887 720 930 759 ne·

652 784 695 829 tes

144 866 191 904 roo
200 847 300 898 Omnia
310 845 360 897 sub
372 846 500 912 pedibus,
512 860 567 913 qua
577 792 788 914 Suffitrumque
798 846 909 898 recurre

199 916 323 982 Adspicit
333 915 487 978 Oceanum,
497 916 624 982 vertique
635 917 749 983 regique
760 915 901 967 ridebunt.
927 954 934 963 .

199 987 279 1038 Haeo
289 1000 423 1051 responsa
433 985 521 1051 patris
532 983 633 1047 Fauni,
643 987 823 1052 monitusque
832 984 923 1036 silenti

200 1054 290 1106 Nocte
299 1054 393 1115 datos,
404 1055 528 1119 nonipse
538 1068 589 1104 suo
599 1056 700 1119 premit
710 1069 759 1105 ore
770 1053 900 1105 Latinus:

201 1123 257 1176 Sed
267 1125 371 1174 circum
383 1123 438 1173 late
449 1122 569 1172 volitans
580 1124 635 1173 iam
645 1122 732 1174 Fama
742 1137 795 1188 per
805 1125 886 1176 urbea
908 1170 914 1183 ,

145 1192 191 1243 105
201 1192 336 1243 Ausonias
346 1190 465 1254 tulerat5
481 1206 566 1257 quum
576 1191 782 1245 Laomedontia
792 1193 875 1261 pubet

201 1261 352 1314 Gramineo
363 1261 441 1326 ripae
451 1260 582 1327 religavit
592 1263 626 1318 ab
637 1276 740 1328 aggere
751 1261 872 1325 classem.

235 1331 355 1392 Aeneas,
366 1330 507 1397 primique·
515 1329 613 1392 duces,
624 1336 653 1381 et
663 1327 783 1396 pulcher
792 1330 880 1395 Iulus,
939 1325 941 1341 ⁴

202 1400 328 1466 Corpora
337 1399 388 1450 sub
399 1401 483 1450 ramis
494 1399 637 1464 deponunt
645 1400 754 1465 arboris
765 1399 855 1465 altae;
939 1395 941 1406 “

201 1471 410 1536 instituuntque
421 1468 518 1535 dapes,
529 1473 558 1519 et
566 1467 671 1520 adorea
681 1467 739 1519 liba
749 1483 802 1534 per
811 1468 939 1529 herbae-2,

146 1551 193 1585 110
202 1537 359 1590 subiiciunt
369 1537 470 1604 epulis,
482 1540 532 1600 (sic
544 1538 648 1604 lupiter
658 1538 707 1589 ille
717 1541 860 1602 monebat)
920 1568 926 1583 ·

201 1609 238 1658 Et
248 1608 362 1659 Cereale
373 1607 464 1658 solum
474 1608 563 1673 pomis
573 1605 728 1674 agrestibus
735 1614 853 1676 augent

203 1677 359 1728 Consumtis
370 1674 415 1727 hic
425 1675 499 1730 forte
509 1677 584 1738 aliis,
595 1682 627 1726 ut
637 1682 749 1729 vertere
758 1693 868 1730 morsus

201 1746 338 1813 Exiguam
348 1749 377 1796 in
389 1746 516 1798 Cererem
528 1748 644 1812 penuria
654 1747 749 1813 adegit
760 1748 868 1810 edendi,

202 1817 240 1866 Et
249 1815 355 1867 violare
367 1831 450 1865 manu
461 1816 595 1881 malisque
607 1813 760 1877 audacibus
772 1819 866 1870 orbem

148 1877 193 1930 115
202 1884 309 1937 Fatalis
321 1885 419 1944 crusti,
431 1885 535 1949 patulis
547 1899 598 1934 nec
609 1898 724 1949 parcere
735 1887 861 1952 quadris:

203 1953 294 2004 Heus!
309 1952 393 2003 etiam
404 1966 513 2004 mensas
524 1954 731 2004 consumimusl
743 1952 914 2024 inquitlulus.

203 2020 262 2072 Nec
272 2019 354 2086 plura
363 2018 498 2071 alludens.
518 2022 560 2072 Ea
569 2036 623 2072 vox
633 2024 729 2075 audita
739 2024 874 2085 laborum,

170 2152 172 2156 v
205 2088 299 2139 Prima
309 2089 375 2138 tulit
384 2089 480 2151 tinem,
491 2092 662 2158 primamque
674 2093 816 2161 loquentis
827 2094 861 2147 ab
871 2106 911 2149 ort

205 2158 316 2224 Eripuit
325 2161 418 2223 pater,
428 2173 460 2209 ae
470 2160 643 2225 stupefactus
653 2165 766 2216 numine
777 2166 889 2231 pressit3

105 2270 109 2276 .
149 2238 196 2273 rao
206 2227 358 2288 Continuo,
369 2224 450 2279 Salve
461 2227 526 2279 fatis
537 2229 604 2280 mibi
616 2231 710 2283 debita
719 2233 827 2297 Tellus,

205 2294 329 2362 Vosque,
340 2298 391 2357 ait,
403 2312 419 2347 o
431 2294 478 2348 lidi
490 2299 592 2350 Troiae
603 2300 707 2354 salvete
718 2302 851 2356 Penates..

205 2365 261 2419 Hic
271 2365 384 2427 domus,
393 2363 462 2418 haec
470 2370 561 2434 patria
571 2374 622 2421 est.
641 2369 762 2424 Genitor
772 2371 841 2425 mihi
851 2373 919 2433 talia.

621 2455 685 2492 nam
706 2457 741 2493 ue

208 2503 289 2558 Nunc
297 2510 408 2571 repeto,
417 2505 549 2560 'Anchises
560 2499 681 2561 satorum
687 2457 798 2564 (alerem
806 2512 922 2580 reliquit:

208 2575 301 2643 Quum
311 2576 645 2646 te,natc,iamesignota
654 2581 690 2631 ad
700 2581 787 2634 litora
796 2589 902 2636 vectum

43 2698 49 2711 .,
141 2650 192 2706 125
202 2651 313 2707 decisis
325 2656 412 2724 coget
421 2650 541 2720 dapibus
550 2646 847 2702 consummemus
