1882 3052
157 203 374 259 nannmos
396 204 467 258 mu.
494 205 532 261 n
677 157 721 254 fn

92 312 106 359 t
116 309 227 372 socios,
237 315 321 377 atque
340 311 572 376 agmina‘eonscia
581 309 707 376 iungunt.

92 393 120 428 rs
132 383 204 439 erat,
215 394 270 445 quo
281 380 370 444 prima
381 378 729 446 quiesmortalibusaegris·

92 452 116 498 tt
127 447 205 497 dono
216 448 307 498 diuum
317 449 477 514 gratissima
485 450 581 514 serpit.
621 437 631 451 ’

92 531 122 579 s,
135 531 215 578 eece,
227 523 293 567 ante
301 517 399 568 oculos
408 520 610 570 moestissimus
619 516 727 568 Hector
736 528 784 582 270

92 600 159 637 esse
170 585 253 647 mihi,
264 586 412 654 largosque
423 587 566 640 effundere
577 586 670 648 fietus,

92 655 184 720 ibigis
194 659 227 704 ut
237 656 387 720 quondam,
399 660 514 723 aterque
525 661 641 708 cruento

103 737 215 789 perque
226 724 309 789 pedes
318 727 453 775 traiectus
463 726 524 776 lora
534 728 681 776 tumentes.

92 796 111 854 i,
124 792 217 859 qualis
229 791 301 843 crat!
317 798 451 859 quantum
463 800 585 844 mutatus
595 792 630 843 ab
640 790 691 841 illo

91 863 162 927 ‚qui
174 861 248 911 redit
258 864 371 912 exuvias
381 862 495 912 indutus
504 859 612 916 Achilli,
736 858 786 914 275

92 934 159 981 aum
171 927 308 996 Phrygios
319 930 457 981 iaculatus
466 933 602 998 puppibus
612 933 700 996 ignes,
738 974 741 983 .

92 1006 148 1051 tem
158 998 283 1061 barbam,
293 1004 322 1050 et
332 1006 478 1050 concretos
488 1000 727 1067 sanguineeriues,

92 1083 148 1136 que
158 1067 210 1118 iila
220 1082 331 1134 gerens,
343 1081 414 1135 quac
425 1071 528 1139 circum
539 1068 659 1135 plurimu

386 1154 482 1189 muros

92 1204 211 1272 patrios!
225 1205 305 1256 Vltro
318 1205 386 1257 tiens
397 1207 454 1274 ipse
466 1209 580 1260 videbar

92 1290 144 1325 are
155 1276 260 1338 virum,
272 1280 300 1326 et
310 1283 430 1327 moestas
440 1292 602 1342 expromere
610 1290 705 1329 uoces:
737 1271 786 1323 28⁰

92 1345 238 1406 smoniae,
249 1360 340 1421 spese
350 1346 483 1397 fidissima
493 1349 639 1406 Teucrum,

92 1419 155 1465 ntae
166 1419 281 1465 tenuere
292 1414 404 1465 morue‘t
414 1416 513 1481 quibus
518 1412 664 1465 Hectorab
671 1410 727 1461 oris

92 1488 137 1534 ste
147 1482 242 1532 veniet
256 1489 290 1533 ut
297 1488 326 1532 te
336 1489 401 1549 post
411 1484 500 1534 multa
509 1489 622 1533 tuorum

95 1549 728 1620 postvariosbominumqueurbisquelabores

92 1619 277 1687 adspicimusi
292 1636 363 1688 quae
374 1636 471 1672 caussa
481 1622 595 1688 indigna
605 1632 719 1669 serenos
737 1620 786 1672 285

92 1688 226 1740 troitust
239 1696 288 1740 aut
299 1705 348 1740 cur
358 1689 425 1741 baec
434 1691 550 1742 vulnera
561 1685 662 1740 cernet

92 1760 114 1822 i;
129 1773 183 1810 nec
193 1774 237 1809 me
246 1764 425 1824 quaerentem
435 1774 506 1810 vana
516 1764 654 1819 moratum

92 1830 160 1879 oter
169 1830 289 1893 gemitus
299 1830 355 1879 imo
366 1828 400 1880 de
410 1835 524 1894 pectore
535 1829 651 1888 ducens3

92 1913 140 1966 ge,
151 1901 218 1947 nate
228 1897 288 1959 dea,
300 1902 383 1965 teque
392 1895 443 1959 bis,
455 1900 502 1959 ait,
514 1900 590 1962 eripe
602 1895 727 1965 flammis.

93 1967 163 2017 ubet
173 1981 279 2029 muros3
295 1968 352 2015 ruit
362 1965 420 2015 alto
432 1981 448 2016 a
459 1967 578 2017 eulmine
590 1966 684 2015 'l'roia
739 1976 787 2026 290

92 2037 138 2086 iae
148 2034 316 2100 Priamoque
326 2035 429 2084 datum.
446 2034 474 2085 Si
485 2035 620 2101 Pergama
631 2034 730 2085 dextra

99 2109 229 2172 possent,
240 2106 324 2154 etiam
334 2102 387 2154 hac
398 2104 511 2154 defensa
522 2104 646 2155 fuissent.

92 2188 190 2240 rosque
201 2173 252 2223 tibi
263 2173 439 2224 commendat
448 2175 536 2223 Troia
546 2173 665 2223 Penates

93 2258 112 2294 c
122 2241 247 2293 fatorum
259 2244 387 2303 comites,
398 2239 440 2290 his
450 2243 561 2293 moenia
571 2256 683 2306 quaere,

92 2317 234 2379 pererrato
245 2316 352 2361 statues
363 2325 432 2377 quoe
444 2311 563 2377 denique
573 2314 668 2374 ponto.
740 2306 790 2373 295

95 2386 126 2432 et
135 2381 263 2430 manibus
272 2382 356 2429 vittas
366 2378 533 2446 Vestamque
544 2384 686 2444 potentem

92 2464 181 2518 mque
190 2448 283 2515 adytis
294 2447 375 2500 effert
386 2449 576 2514 penetralibus
586 2449 686 2513 ignem.

92 2533 126 2570 so
136 2520 246 2568 interes
254 2519 404 2568 miscentur
415 2519 524 2568 moenia
532 2517 623 2578 luetu3

92 2592 109 2638 is
119 2594 205 2654 atque
215 2587 310 2652 magis,
322 2601 487 2655 quamquam
497 2585 733 2651 secretaparentis

92 2672 112 2710 be
122 2657 224 2709 domus
234 2655 433 2722 arboribusque
445 2656 555 2707 obtecta
565 2653 691 2714 recessit,
744 2653 793 2705 300

92 2732 142 2778 unt
152 2726 272 2792 sonitus,
282 2736 479 2793 armorumque
487 2722 594 2792 ingruit
603 2720 712 2777 horror.
