<?xml version="1.0" encoding="UTF-8"?>
<!DOCTYPE html PUBLIC "-//W3C//DTD XHTML 1.0 Transitional//EN"
    "http://www.w3.org/TR/xhtml1/DTD/xhtml1-transitional.dtd">
<html xmlns="http://www.w3.org/1999/xhtml" xml:lang="en" lang="en">
 <head>
  <title>
</title>
<meta http-equiv="Content-Type" content="text/html;charset=utf-8" />
  <meta name='ocr-system' content='tesseract 3.04.00' />
  <meta name='ocr-capabilities' content='ocr_page ocr_carea ocr_par ocr_line ocrx_word'/>
</head>
<body>
  <div class='ocr_page' id='page_1' title='image "./pvirgiliimaroni02virggoog/pvirgiliimaroni02virggoog_0136.png"; bbox 0 0 1882 3052; ppageno 0'>
   <div class='ocr_carea' id='block_1_1' title="bbox 134 634 790 890">
    <p class='ocr_par' dir='ltr' id='par_1_1' title="bbox 134 634 790 890">
     <span class='ocr_line' id='line_1_1' title="bbox 134 634 683 736; baseline -0.002 -3"><span class='ocrx_word' id='word_1_1' title='bbox 134 669 175 733; x_wconf 82' lang='lat' dir='ltr'>P.</span> <span class='ocrx_word' id='word_1_2' title='bbox 200 667 426 736; x_wconf 74' lang='lat' dir='ltr'>vinomo</span> <span class='ocrx_word' id='word_1_3' title='bbox 451 634 683 736; x_wconf 76' lang='lat' dir='ltr'>unaonus</span> 
     </span>
     <span class='ocr_line' id='line_1_2' title="bbox 134 803 790 890; baseline -0.005 -1"><span class='ocrx_word' id='word_1_4' title='bbox 134 805 176 889; x_wconf 92' lang='lat' dir='ltr'>E</span> <span class='ocrx_word' id='word_1_5' title='bbox 245 804 284 888; x_wconf 94' lang='lat' dir='ltr'>N</span> <span class='ocrx_word' id='word_1_6' title='bbox 351 805 390 887; x_wconf 89' lang='lat' dir='ltr'>E</span> <span class='ocrx_word' id='word_1_7' title='bbox 459 805 588 889; x_wconf 90' lang='lat' dir='ltr'>I&#39;D</span> <span class='ocrx_word' id='word_1_8' title='bbox 654 803 692 890; x_wconf 90' lang='lat'>0</span> <span class='ocrx_word' id='word_1_9' title='bbox 759 803 790 886; x_wconf 81' lang='lat' dir='ltr'>S</span> 
     </span>
    </p>
   </div>
   <div class='ocr_carea' id='block_1_2' title="bbox 214 964 606 1024">
    <p class='ocr_par' dir='ltr' id='par_1_2' title="bbox 214 964 606 1024">
     <span class='ocr_line' id='line_1_3' title="bbox 214 964 606 1024; baseline -0.003 -6"><span class='ocrx_word' id='word_1_10' title='bbox 214 967 359 1019; x_wconf 81' lang='lat' dir='ltr'>LIBER</span> <span class='ocrx_word' id='word_1_11' title='bbox 386 964 606 1024; x_wconf 80' lang='lat' dir='ltr'><strong>TERTIVS.</strong></span> 
     </span>
    </p>
   </div>
   <div class='ocr_carea' id='block_1_3' title="bbox 88 1198 839 2630">
    <p class='ocr_par' dir='ltr' id='par_1_3' title="bbox 88 1198 774 1271">
     <span class='ocr_line' id='line_1_4' title="bbox 88 1198 774 1271; baseline 0.001 -18"><span class='ocrx_word' id='word_1_12' title='bbox 88 1207 197 1271; x_wconf 80' lang='lat' dir='ltr'>siquam</span> <span class='ocrx_word' id='word_1_13' title='bbox 209 1211 256 1252; x_wconf 84' lang='lat' dir='ltr'>res</span> <span class='ocrx_word' id='word_1_14' title='bbox 265 1201 347 1252; x_wconf 83' lang='lat' dir='ltr'>Asiae</span> <span class='ocrx_word' id='word_1_15' title='bbox 357 1198 516 1268; x_wconf 84' lang='lat' dir='ltr'>Priamique</span> <span class='ocrx_word' id='word_1_16' title='bbox 527 1207 653 1254; x_wconf 82' lang='lat' dir='ltr'>evertere</span> <span class='ocrx_word' id='word_1_17' title='bbox 663 1208 774 1270; x_wconf 80' lang='lat' dir='ltr'>gentem</span> 
     </span>
    </p>

    <p class='ocr_par' dir='ltr' id='par_1_4' title="bbox 88 1270 760 1339">
     <span class='ocr_line' id='line_1_5' title="bbox 88 1270 760 1339; baseline -0.004 -15"><span class='ocrx_word' id='word_1_18' title='bbox 88 1273 202 1324; x_wconf 76' lang='lat' dir='ltr'>neritum</span> <span class='ocrx_word' id='word_1_19' title='bbox 213 1270 303 1320; x_wconf 74' lang='lat' dir='ltr'>visum</span> <span class='ocrx_word' id='word_1_20' title='bbox 314 1270 436 1335; x_wconf 86' lang='lat' dir='ltr'>superis,</span> <span class='ocrx_word' id='word_1_21' title='bbox 447 1270 601 1339; x_wconf 78' lang='lat' dir='ltr'>ceciditque</span> <span class='ocrx_word' id='word_1_22' title='bbox 611 1274 760 1338; x_wconf 86' lang='lat' dir='ltr'>superbum</span> 
     </span>
    </p>

    <p class='ocr_par' dir='ltr' id='par_1_5' title="bbox 88 1336 722 1406">
     <span class='ocr_line' id='line_1_6' title="bbox 88 1336 722 1406; baseline 0 -13"><span class='ocrx_word' id='word_1_23' title='bbox 88 1357 118 1406; x_wconf 88' lang='lat' dir='ltr'>n,</span> <span class='ocrx_word' id='word_1_24' title='bbox 130 1344 163 1393; x_wconf 86' lang='lat' dir='ltr'>et</span> <span class='ocrx_word' id='word_1_25' title='bbox 173 1339 267 1390; x_wconf 88' lang='lat' dir='ltr'>omnis</span> <span class='ocrx_word' id='word_1_26' title='bbox 277 1336 361 1388; x_wconf 87' lang='lat' dir='ltr'>humo</span> <span class='ocrx_word' id='word_1_27' title='bbox 373 1336 463 1388; x_wconf 83' lang='lat' dir='ltr'>fumat</span> <span class='ocrx_word' id='word_1_28' title='bbox 471 1338 613 1404; x_wconf 80' lang='lat' dir='ltr'><strong>Neptunia</strong></span> <span class='ocrx_word' id='word_1_29' title='bbox 622 1343 722 1402; x_wconf 84' lang='lat' dir='ltr'>Troia3</span> 
     </span>
    </p>

    <p class='ocr_par' dir='ltr' id='par_1_6' title="bbox 88 1406 678 1474">
     <span class='ocr_line' id='line_1_7' title="bbox 88 1406 678 1474; baseline -0.005 -11"><span class='ocrx_word' id='word_1_30' title='bbox 88 1423 149 1463; x_wconf 54' lang='lat' dir='ltr'>usa*</span> <span class='ocrx_word' id='word_1_31' title='bbox 156 1406 260 1461; x_wconf 82' lang='lat' dir='ltr'>exsilia</span> <span class='ocrx_word' id='word_1_32' title='bbox 270 1412 298 1458; x_wconf 85' lang='lat' dir='ltr'>et</span> <span class='ocrx_word' id='word_1_33' title='bbox 308 1407 433 1458; x_wconf 86' lang='lat' dir='ltr'>desertas</span> <span class='ocrx_word' id='word_1_34' title='bbox 443 1422 578 1474; x_wconf 85' lang='lat' dir='ltr'>quaerere</span> <span class='ocrx_word' id='word_1_35' title='bbox 587 1414 678 1460; x_wconf 84' lang='lat' dir='ltr'>terras</span> 
     </span>
    </p>

    <p class='ocr_par' dir='ltr' id='par_1_7' title="bbox 88 1475 818 1544">
     <span class='ocr_line' id='line_1_8' title="bbox 88 1475 818 1544; baseline 0.001 -19"><span class='ocrx_word' id='word_1_36' title='bbox 88 1479 160 1531; x_wconf 71' lang='lat' dir='ltr'>ariis</span> <span class='ocrx_word' id='word_1_37' title='bbox 170 1477 283 1544; x_wconf 83' lang='lat' dir='ltr'>agimur</span> <span class='ocrx_word' id='word_1_38' title='bbox 293 1475 399 1538; x_wconf 80' lang='lat' dir='ltr'>divom,</span> <span class='ocrx_word' id='word_1_39' title='bbox 411 1475 582 1544; x_wconf 84' lang='lat' dir='ltr'>classemque</span> <span class='ocrx_word' id='word_1_40' title='bbox 591 1479 642 1528; x_wconf 89' lang='lat' dir='ltr'>sub</span> <span class='ocrx_word' id='word_1_41' title='bbox 652 1478 714 1544; x_wconf 87' lang='lat' dir='ltr'>ipsa</span> <span class='ocrx_word' id='word_1_42' title='bbox 802 1477 818 1526; x_wconf 84' lang='lat'>5</span> 
     </span>
    </p>

    <p class='ocr_par' dir='ltr' id='par_1_8' title="bbox 88 1542 743 1610">
     <span class='ocr_line' id='line_1_9' title="bbox 88 1542 743 1610; baseline -0.003 -10"><span class='ocrx_word' id='word_1_43' title='bbox 88 1547 173 1600; x_wconf 70' lang='lat' dir='ltr'>andro</span> <span class='ocrx_word' id='word_1_44' title='bbox 185 1551 216 1597; x_wconf 85' lang='lat' dir='ltr'>et</span> <span class='ocrx_word' id='word_1_45' title='bbox 225 1542 367 1610; x_wconf 83' lang='lat' dir='ltr'>Pbrygiae</span> <span class='ocrx_word' id='word_1_46' title='bbox 378 1544 510 1595; x_wconf 86' lang='lat' dir='ltr'>molimur</span> <span class='ocrx_word' id='word_1_47' title='bbox 519 1547 659 1598; x_wconf 89' lang='lat' dir='ltr'>montibus</span> <span class='ocrx_word' id='word_1_48' title='bbox 668 1548 743 1609; x_wconf 88' lang='lat' dir='ltr'>ldae,</span> 
     </span>
    </p>

    <p class='ocr_par' dir='ltr' id='par_1_9' title="bbox 88 1611 674 1682">
     <span class='ocr_line' id='line_1_10' title="bbox 88 1611 674 1682; baseline -0.003 -14"><span class='ocrx_word' id='word_1_49' title='bbox 88 1619 142 1679; x_wconf 80' lang='lat' dir='ltr'>nti,</span> <span class='ocrx_word' id='word_1_50' title='bbox 155 1629 214 1682; x_wconf 88' lang='lat' dir='ltr'>quo</span> <span class='ocrx_word' id='word_1_51' title='bbox 225 1612 286 1664; x_wconf 80' lang='lat' dir='ltr'>fata</span> <span class='ocrx_word' id='word_1_52' title='bbox 295 1611 400 1674; x_wconf 82' lang='lat' dir='ltr'>ferant,</span> <span class='ocrx_word' id='word_1_53' title='bbox 411 1613 459 1664; x_wconf 93' lang='lat' dir='ltr'>ubi</span> <span class='ocrx_word' id='word_1_54' title='bbox 469 1616 567 1666; x_wconf 80' lang='lat' dir='ltr'>sistere</span> <span class='ocrx_word' id='word_1_55' title='bbox 578 1615 674 1678; x_wconf 79' lang='lat' dir='ltr'>detur3</span> 
     </span>
    </p>

    <p class='ocr_par' dir='ltr' id='par_1_10' title="bbox 88 1681 793 1750">
     <span class='ocr_line' id='line_1_11' title="bbox 88 1681 793 1750; baseline 0.004 -18"><span class='ocrx_word' id='word_1_56' title='bbox 88 1683 285 1749; x_wconf 75' lang='lat' dir='ltr'>trahimusque</span> <span class='ocrx_word' id='word_1_57' title='bbox 296 1682 379 1731; x_wconf 86' lang='lat' dir='ltr'>viros.</span> <span class='ocrx_word' id='word_1_58' title='bbox 389 1681 793 1750; x_wconf 84' lang='lat' dir='ltr'>Vixprimainoeperataestos,</span> 
     </span>
    </p>

    <p class='ocr_par' dir='ltr' id='par_1_11' title="bbox 88 1748 666 1816">
     <span class='ocr_line' id='line_1_12' title="bbox 88 1748 666 1816; baseline -0.007 -10"><span class='ocrx_word' id='word_1_59' title='bbox 88 1760 157 1807; x_wconf 76' lang='lat' dir='ltr'>aber</span> <span class='ocrx_word' id='word_1_60' title='bbox 165 1749 304 1806; x_wconf 75' lang='lat' dir='ltr'>Anchises</span> <span class='ocrx_word' id='word_1_61' title='bbox 315 1749 382 1801; x_wconf 85' lang='lat' dir='ltr'>dare</span> <span class='ocrx_word' id='word_1_62' title='bbox 393 1748 459 1800; x_wconf 82' lang='lat' dir='ltr'>satis</span> <span class='ocrx_word' id='word_1_63' title='bbox 468 1750 531 1802; x_wconf 88' lang='lat' dir='ltr'>vela</span> <span class='ocrx_word' id='word_1_64' title='bbox 540 1752 666 1816; x_wconf 81' lang='lat' dir='ltr'>iubebat3</span> 
     </span>
    </p>

    <p class='ocr_par' dir='ltr' id='par_1_12' title="bbox 88 1818 835 1891">
     <span class='ocr_line' id='line_1_13' title="bbox 88 1818 835 1891; baseline -0.003 -20"><span class='ocrx_word' id='word_1_65' title='bbox 88 1839 126 1875; x_wconf 80' lang='lat' dir='ltr'>na</span> <span class='ocrx_word' id='word_1_66' title='bbox 136 1837 227 1891; x_wconf 86' lang='lat' dir='ltr'>quum</span> <span class='ocrx_word' id='word_1_67' title='bbox 237 1820 347 1886; x_wconf 84' lang='lat' dir='ltr'>patriae</span> <span class='ocrx_word' id='word_1_68' title='bbox 352 1818 659 1889; x_wconf 81' lang='lat' dir='ltr'>lacrimansportusque</span> <span class='ocrx_word' id='word_1_69' title='bbox 664 1822 792 1890; x_wconf 85' lang='lat' dir='ltr'>relinquo</span> <span class='ocrx_word' id='word_1_70' title='bbox 807 1839 835 1870; x_wconf 81' lang='grc' dir='ltr'>ιο</span> 
     </span>
    </p>

    <p class='ocr_par' dir='ltr' id='par_1_13' title="bbox 88 1885 771 1960">
     <span class='ocr_line' id='line_1_14' title="bbox 88 1885 771 1960; baseline -0.001 -16"><span class='ocrx_word' id='word_1_71' title='bbox 88 1906 202 1960; x_wconf 71' lang='lat' dir='ltr'>amoos,</span> <span class='ocrx_word' id='word_1_72' title='bbox 214 1887 264 1940; x_wconf 90' lang='lat' dir='ltr'>ubi</span> <span class='ocrx_word' id='word_1_73' title='bbox 275 1887 363 1938; x_wconf 85' lang='lat' dir='ltr'>&#39;l&#39;roia</span> <span class='ocrx_word' id='word_1_74' title='bbox 372 1885 434 1937; x_wconf 83' lang='lat' dir='ltr'>fuit.</span> <span class='ocrx_word' id='word_1_75' title='bbox 454 1887 543 1940; x_wconf 83' lang='lat' dir='ltr'>Feror</span> <span class='ocrx_word' id='word_1_76' title='bbox 553 1888 634 1940; x_wconf 86' lang='lat' dir='ltr'>exsul</span> <span class='ocrx_word' id='word_1_77' title='bbox 643 1891 672 1941; x_wconf 91' lang='lat' dir='ltr'>in</span> <span class='ocrx_word' id='word_1_78' title='bbox 683 1890 771 1943; x_wconf 82' lang='lat' dir='ltr'>altum</span> 
     </span>
    </p>

    <p class='ocr_par' dir='ltr' id='par_1_14' title="bbox 88 1954 819 2024">
     <span class='ocr_line' id='line_1_15' title="bbox 88 1954 819 2024; baseline -0.005 -11"><span class='ocrx_word' id='word_1_79' title='bbox 88 1978 96 2013; x_wconf 92' lang='grc' dir='ltr'>ι</span> <span class='ocrx_word' id='word_1_80' title='bbox 106 1962 192 2013; x_wconf 83' lang='lat' dir='ltr'>sociis</span> <span class='ocrx_word' id='word_1_81' title='bbox 202 1963 327 2023; x_wconf 80' lang='lat' dir='ltr'>natoque</span> <span class='ocrx_word' id='word_1_82' title='bbox 337 1955 488 2006; x_wconf 76' lang='lat' dir='ltr'>Penatibus</span> <span class='ocrx_word' id='word_1_83' title='bbox 499 1962 528 2008; x_wconf 86' lang='lat' dir='ltr'>et</span> <span class='ocrx_word' id='word_1_84' title='bbox 537 1959 645 2024; x_wconf 82' lang='lat' dir='ltr'>magnis</span> <span class='ocrx_word' id='word_1_85' title='bbox 656 1960 706 2009; x_wconf 82' lang='lat' dir='ltr'>dis.</span> <span class='ocrx_word' id='word_1_86' title='bbox 814 1954 819 1963; x_wconf 83' lang='lat'><em>&#39;</em></span> 
     </span>
    </p>

    <p class='ocr_par' dir='ltr' id='par_1_15' title="bbox 88 2024 750 2096">
     <span class='ocr_line' id='line_1_16' title="bbox 88 2024 750 2096; baseline -0.005 -14"><span class='ocrx_word' id='word_1_87' title='bbox 88 2036 154 2082; x_wconf 69' lang='lat' dir='ltr'>‘erra</span> <span class='ocrx_word' id='word_1_88' title='bbox 163 2024 269 2096; x_wconf 83' lang='lat' dir='ltr'>procul</span> <span class='ocrx_word' id='word_1_89' title='bbox 278 2026 363 2075; x_wconf 84' lang='lat' dir='ltr'>vastis</span> <span class='ocrx_word' id='word_1_90' title='bbox 373 2024 476 2075; x_wconf 84' lang='lat' dir='ltr'>colitur</span> <span class='ocrx_word' id='word_1_91' title='bbox 486 2025 627 2077; x_wconf 79' lang='lat' dir='ltr'>Mavortia</span> <span class='ocrx_word' id='word_1_92' title='bbox 638 2030 750 2094; x_wconf 84' lang='lat' dir='ltr'>campis,</span> 
     </span>
    </p>

    <p class='ocr_par' dir='ltr' id='par_1_16' title="bbox 88 2093 763 2164">
     <span class='ocr_line' id='line_1_17' title="bbox 88 2093 763 2164; baseline -0.003 -14"><span class='ocrx_word' id='word_1_93' title='bbox 88 2115 154 2152; x_wconf 86' lang='lat' dir='ltr'>aees</span> <span class='ocrx_word' id='word_1_94' title='bbox 164 2099 265 2156; x_wconf 83' lang='lat' dir='ltr'>arant,</span> <span class='ocrx_word' id='word_1_95' title='bbox 275 2094 333 2144; x_wconf 83' lang='lat' dir='ltr'>ueri</span> <span class='ocrx_word' id='word_1_96' title='bbox 344 2093 485 2161; x_wconf 86' lang='lat' dir='ltr'>quondam</span> <span class='ocrx_word' id='word_1_97' title='bbox 494 2099 612 2161; x_wconf 85' lang='lat' dir='ltr'>regnata</span> <span class='ocrx_word' id='word_1_98' title='bbox 621 2095 763 2164; x_wconf 81' lang='lat' dir='ltr'>Lycurgo,</span> 
     </span>
    </p>

    <p class='ocr_par' dir='ltr' id='par_1_17' title="bbox 88 2163 836 2236">
     <span class='ocr_line' id='line_1_18' title="bbox 88 2163 836 2236; baseline -0.004 -18"><span class='ocrx_word' id='word_1_99' title='bbox 88 2170 194 2236; x_wconf 71' lang='lat' dir='ltr'>mitium</span> <span class='ocrx_word' id='word_1_100' title='bbox 205 2163 353 2228; x_wconf 81' lang='lat' dir='ltr'>antiquum</span> <span class='ocrx_word' id='word_1_101' title='bbox 364 2163 479 2225; x_wconf 83' lang='lat' dir='ltr'>Troiae,</span> <span class='ocrx_word' id='word_1_102' title='bbox 488 2164 612 2230; x_wconf 89' lang='lat' dir='ltr'>sociique</span> <span class='ocrx_word' id='word_1_103' title='bbox 622 2165 751 2226; x_wconf 86' lang='lat' dir='ltr'>Penates,</span> <span class='ocrx_word' id='word_1_104' title='bbox 807 2175 836 2225; x_wconf 80' lang='lat'>15</span> 
     </span>
    </p>

    <p class='ocr_par' dir='ltr' id='par_1_18' title="bbox 88 2229 726 2294">
     <span class='ocr_line' id='line_1_19' title="bbox 88 2229 726 2294; baseline 0.002 -10"><span class='ocrx_word' id='word_1_105' title='bbox 88 2237 236 2289; x_wconf 78' lang='lat' dir='ltr'>nfortuna</span> <span class='ocrx_word' id='word_1_106' title='bbox 246 2231 308 2284; x_wconf 82' lang='lat' dir='ltr'>fuit.</span> <span class='ocrx_word' id='word_1_107' title='bbox 329 2230 419 2282; x_wconf 87' lang='lat' dir='ltr'>Feror</span> <span class='ocrx_word' id='word_1_108' title='bbox 430 2229 496 2294; x_wconf 87' lang='lat' dir='ltr'>buc,</span> <span class='ocrx_word' id='word_1_109' title='bbox 506 2236 535 2282; x_wconf 87' lang='lat' dir='ltr'>et</span> <span class='ocrx_word' id='word_1_110' title='bbox 545 2232 630 2285; x_wconf 89' lang='lat' dir='ltr'>litore</span> <span class='ocrx_word' id='word_1_111' title='bbox 640 2248 726 2285; x_wconf 74' lang='lat' dir='ltr'>cunno</span> 
     </span>
    </p>

    <p class='ocr_par' dir='ltr' id='par_1_19' title="bbox 88 2299 689 2373">
     <span class='ocr_line' id='line_1_20' title="bbox 88 2299 689 2373; baseline -0.008 -15"><span class='ocrx_word' id='word_1_112' title='bbox 88 2309 147 2358; x_wconf 90' lang='lat' dir='ltr'>enia</span> <span class='ocrx_word' id='word_1_113' title='bbox 156 2307 252 2373; x_wconf 85' lang='lat' dir='ltr'>prima</span> <span class='ocrx_word' id='word_1_114' title='bbox 262 2300 338 2362; x_wconf 89' lang='lat' dir='ltr'>loeo,</span> <span class='ocrx_word' id='word_1_115' title='bbox 348 2299 415 2351; x_wconf 82' lang='lat' dir='ltr'>setis</span> <span class='ocrx_word' id='word_1_116' title='bbox 424 2301 566 2367; x_wconf 84' lang='lat' dir='ltr'>ingressus</span> <span class='ocrx_word' id='word_1_117' title='bbox 576 2302 689 2370; x_wconf 87' lang='lat' dir='ltr'>iniquis,</span> 
     </span>
    </p>

    <p class='ocr_par' dir='ltr' id='par_1_20' title="bbox 88 2369 682 2442">
     <span class='ocr_line' id='line_1_21' title="bbox 88 2369 682 2442; baseline -0.008 -17"><span class='ocrx_word' id='word_1_118' title='bbox 88 2376 234 2442; x_wconf 75' lang='lat' dir='ltr'>icadasquo</span> <span class='ocrx_word' id='word_1_119' title='bbox 245 2384 309 2423; x_wconf 83' lang='lat' dir='ltr'>meo</span> <span class='ocrx_word' id='word_1_120' title='bbox 321 2384 422 2441; x_wconf 83' lang='lat' dir='ltr'>nomen</span> <span class='ocrx_word' id='word_1_121' title='bbox 432 2369 466 2422; x_wconf 87' lang='lat' dir='ltr'>de</span> <span class='ocrx_word' id='word_1_122' title='bbox 477 2370 589 2422; x_wconf 88' lang='lat' dir='ltr'>nomine</span> <span class='ocrx_word' id='word_1_123' title='bbox 598 2372 682 2439; x_wconf 81' lang='lat' dir='ltr'>fingo.</span> 
     </span>
    </p>

    <p class='ocr_par' dir='ltr' id='par_1_21' title="bbox 88 2438 679 2506">
     <span class='ocr_line' id='line_1_22' title="bbox 88 2438 679 2506; baseline -0.008 -9"><span class='ocrx_word' id='word_1_124' title='bbox 88 2446 156 2497; x_wconf 70' lang='lat' dir='ltr'>isera</span> <span class='ocrx_word' id='word_1_125' title='bbox 164 2444 313 2496; x_wconf 83' lang='lat' dir='ltr'>Dionaeae</span> <span class='ocrx_word' id='word_1_126' title='bbox 323 2439 408 2491; x_wconf 86' lang='lat' dir='ltr'>matri</span> <span class='ocrx_word' id='word_1_127' title='bbox 418 2438 543 2506; x_wconf 82' lang='lat' dir='ltr'>divisque</span> <span class='ocrx_word' id='word_1_128' title='bbox 555 2438 679 2492; x_wconf 84' lang='lat' dir='ltr'>ferebam</span> 
     </span>
    </p>

    <p class='ocr_par' dir='ltr' id='par_1_22' title="bbox 88 2510 839 2630">
     <span class='ocr_line' id='line_1_23' title="bbox 88 2510 839 2583; baseline -0.023 -19"><span class='ocrx_word' id='word_1_129' title='bbox 88 2515 200 2583; x_wconf 78' lang='lat' dir='ltr'>ipieibns</span> <span class='ocrx_word' id='word_1_130' title='bbox 210 2516 376 2578; x_wconf 83' lang='lat' dir='ltr'>coeptorum</span> <span class='ocrx_word' id='word_1_131' title='bbox 387 2522 517 2576; x_wconf 80' lang='lat' dir='ltr'>opernm3</span> <span class='ocrx_word' id='word_1_132' title='bbox 532 2524 690 2578; x_wconf 75' lang='lat' dir='ltr'>superoque</span> <span class='ocrx_word' id='word_1_133' title='bbox 701 2510 739 2559; x_wconf 72' lang='lat' dir='ltr'>ni.</span> <span class='ocrx_word' id='word_1_134' title='bbox 808 2530 839 2565; x_wconf 55' lang='grc' dir='ltr'>,ο</span> 
     </span>
     <span class='ocr_line' id='line_1_24' title="bbox 451 2583 559 2630; baseline 0 -2"><span class='ocrx_word' id='word_1_135' title='bbox 451 2583 559 2630; x_wconf 84' lang='lat' dir='ltr'>tentem</span> 
     </span>
    </p>
   </div>
   <div class='ocr_carea' id='block_1_4' title="bbox 88 2646 723 2786">
    <p class='ocr_par' dir='ltr' id='par_1_23' title="bbox 88 2646 723 2786">
     <span class='ocr_line' id='line_1_25' title="bbox 88 2646 711 2720; baseline -0.018 -14"><span class='ocrx_word' id='word_1_136' title='bbox 88 2652 209 2707; x_wconf 83' lang='lat' dir='ltr'>elieolum</span> <span class='ocrx_word' id='word_1_137' title='bbox 218 2650 280 2720; x_wconf 78' lang='lat' dir='ltr'>regi</span> <span class='ocrx_word' id='word_1_138' title='bbox 291 2648 446 2702; x_wconf 80' lang='lat' dir='ltr'>mactabam</span> <span class='ocrx_word' id='word_1_139' title='bbox 456 2649 484 2698; x_wconf 90' lang='lat' dir='ltr'>in</span> <span class='ocrx_word' id='word_1_140' title='bbox 495 2646 580 2700; x_wconf 81' lang='lat' dir='ltr'>litore</span> <span class='ocrx_word' id='word_1_141' title='bbox 590 2653 711 2700; x_wconf 78' lang='lat' dir='ltr'>taurum.</span> 
     </span>
     <span class='ocr_line' id='line_1_26' title="bbox 88 2719 723 2786; baseline -0.016 -10"><span class='ocrx_word' id='word_1_142' title='bbox 88 2730 125 2777; x_wconf 83' lang='lat' dir='ltr'>rte</span> <span class='ocrx_word' id='word_1_143' title='bbox 134 2725 279 2778; x_wconf 68' lang='lat' dir='ltr'>fuisiuxts</span> <span class='ocrx_word' id='word_1_144' title='bbox 287 2719 425 2784; x_wconf 84' lang='lat' dir='ltr'>tumulus,</span> <span class='ocrx_word' id='word_1_145' title='bbox 438 2730 492 2786; x_wconf 82' lang='lat' dir='ltr'>quo</span> <span class='ocrx_word' id='word_1_146' title='bbox 504 2731 606 2770; x_wconf 87' lang='lat' dir='ltr'>cornea</span> <span class='ocrx_word' id='word_1_147' title='bbox 616 2730 723 2772; x_wconf 77' lang='lat' dir='ltr'>sunnmo</span> 
     </span>
    </p>
   </div>
   <div class='ocr_carea' id='block_1_5' title="bbox 0 0 946 3052">
    <p class='ocr_par' dir='ltr' id='par_1_24' title="bbox 0 0 946 3052">
     <span class='ocr_line' id='line_1_27' title="bbox 0 0 946 3052; baseline 0 0"><span class='ocrx_word' id='word_1_148' title='bbox 0 0 946 3052; x_wconf 95' lang='lat' dir='ltr'> </span> 
     </span>
    </p>
   </div>
  </div>
 </body>
</html>
