<?xml version="1.0" encoding="UTF-8"?>
<!DOCTYPE html PUBLIC "-//W3C//DTD XHTML 1.0 Transitional//EN"
    "http://www.w3.org/TR/xhtml1/DTD/xhtml1-transitional.dtd">
<html xmlns="http://www.w3.org/1999/xhtml" xml:lang="en" lang="en">
 <head>
  <title>
</title>
<meta http-equiv="Content-Type" content="text/html;charset=utf-8" />
  <meta name='ocr-system' content='tesseract 3.04.00' />
  <meta name='ocr-capabilities' content='ocr_page ocr_carea ocr_par ocr_line ocrx_word'/>
</head>
<body>
  <div class='ocr_page' id='page_1' title='image "./pvirgiliimaroni02virggoog/pvirgiliimaroni02virggoog_0134.png"; bbox 0 0 1882 3052; ppageno 0'>
   <div class='ocr_carea' id='block_1_1' title="bbox 158 149 724 217">
    <p class='ocr_par' dir='ltr' id='par_1_1' title="bbox 158 149 724 217">
     <span class='ocr_line' id='line_1_1' title="bbox 158 149 724 217; baseline 0.007 -14"><span class='ocrx_word' id='word_1_1' title='bbox 158 149 372 203; x_wconf 73' lang='lat' dir='ltr'>AENElDOS</span> <span class='ocrx_word' id='word_1_2' title='bbox 396 150 476 204; x_wconf 87' lang='lat' dir='ltr'>LlB.</span> <span class='ocrx_word' id='word_1_3' title='bbox 494 153 549 217; x_wconf 71' lang='lat' dir='ltr'>ll·</span> <span class='ocrx_word' id='word_1_4' title='bbox 678 153 724 207; x_wconf 77' lang='lat'>141</span> 
     </span>
    </p>
   </div>
   <div class='ocr_carea' id='block_1_2' title="bbox 91 252 787 2300">
    <p class='ocr_par' dir='ltr' id='par_1_2' title="bbox 91 252 787 1764">
     <span class='ocr_line' id='line_1_2' title="bbox 91 252 750 321; baseline 0.008 -18"><span class='ocrx_word' id='word_1_5' title='bbox 91 266 133 303; x_wconf 84' lang='lat' dir='ltr'>em</span> <span class='ocrx_word' id='word_1_6' title='bbox 144 257 258 319; x_wconf 82' lang='lat' dir='ltr'>repeto,</span> <span class='ocrx_word' id='word_1_7' title='bbox 269 258 299 305; x_wconf 90' lang='lat' dir='ltr'>et</span> <span class='ocrx_word' id='word_1_8' title='bbox 309 253 406 321; x_wconf 79' lang='lat' dir='ltr'>cingor</span> <span class='ocrx_word' id='word_1_9' title='bbox 416 252 587 321; x_wconf 81' lang='lat' dir='ltr'><strong>fulgentibus</strong></span> <span class='ocrx_word' id='word_1_10' title='bbox 598 257 691 307; x_wconf 73' lang='lat' dir='ltr'>arants.</span> <span class='ocrx_word' id='word_1_11' title='bbox 735 288 750 309; x_wconf 62' lang='lat'><em>0</em></span> 
     </span>
     <span class='ocr_line' id='line_1_3' title="bbox 91 325 785 390; baseline 0.007 -18"><span class='ocrx_word' id='word_1_12' title='bbox 91 336 115 372; x_wconf 76' lang='lat' dir='ltr'>ts</span> <span class='ocrx_word' id='word_1_13' title='bbox 126 335 264 374; x_wconf 84' lang='lat' dir='ltr'>renovare</span> <span class='ocrx_word' id='word_1_14' title='bbox 275 335 383 386; x_wconf 83' lang='lat' dir='ltr'>omnes,</span> <span class='ocrx_word' id='word_1_15' title='bbox 394 337 559 390; x_wconf 90' lang='lat' dir='ltr'>omnemque</span> <span class='ocrx_word' id='word_1_16' title='bbox 572 325 676 374; x_wconf 84' lang='lat' dir='ltr'>reverti</span> <span class='ocrx_word' id='word_1_17' title='bbox 736 326 785 390; x_wconf 82' lang='lat'>750</span> 
     </span>
     <span class='ocr_line' id='line_1_4' title="bbox 93 391 678 458; baseline 0.003 -17"><span class='ocrx_word' id='word_1_18' title='bbox 93 405 141 441; x_wconf 88' lang='lat' dir='ltr'>am</span> <span class='ocrx_word' id='word_1_19' title='bbox 147 426 157 454; x_wconf 91' lang='lat'>,</span> <span class='ocrx_word' id='word_1_20' title='bbox 169 396 198 442; x_wconf 89' lang='lat' dir='ltr'>ct</span> <span class='ocrx_word' id='word_1_21' title='bbox 206 405 304 441; x_wconf 88' lang='lat' dir='ltr'>rursus</span> <span class='ocrx_word' id='word_1_22' title='bbox 315 396 397 457; x_wconf 85' lang='lat' dir='ltr'>caput</span> <span class='ocrx_word' id='word_1_23' title='bbox 407 393 548 443; x_wconf 86' lang='lat' dir='ltr'>obiectare</span> <span class='ocrx_word' id='word_1_24' title='bbox 558 391 678 458; x_wconf 82' lang='lat' dir='ltr'>periclis.</span> 
     </span>
     <span class='ocr_line' id='line_1_5' title="bbox 91 459 620 527; baseline 0.006 -18"><span class='ocrx_word' id='word_1_25' title='bbox 91 473 102 510; x_wconf 77' lang='lat' dir='ltr'>a</span> <span class='ocrx_word' id='word_1_26' title='bbox 114 473 214 510; x_wconf 88' lang='lat' dir='ltr'>muros</span> <span class='ocrx_word' id='word_1_27' title='bbox 225 459 397 527; x_wconf 68' lang='lat' dir='ltr'>obscuraque</span> <span class='ocrx_word' id='word_1_28' title='bbox 408 461 505 511; x_wconf 89' lang='lat' dir='ltr'>limina</span> <span class='ocrx_word' id='word_1_29' title='bbox 514 466 620 526; x_wconf 86' lang='lat' dir='ltr'>portae,</span> 
     </span>
     <span class='ocr_line' id='line_1_6' title="bbox 91 528 727 596; baseline 0.003 -17"><span class='ocrx_word' id='word_1_30' title='bbox 91 543 165 579; x_wconf 70' lang='lat' dir='ltr'>usum</span> <span class='ocrx_word' id='word_1_31' title='bbox 176 528 345 590; x_wconf 81' lang='lat' dir='ltr'>extuleram,</span> <span class='ocrx_word' id='word_1_32' title='bbox 358 534 470 596; x_wconf 78' lang='lat' dir='ltr'>repet03</span> <span class='ocrx_word' id='word_1_33' title='bbox 485 535 514 580; x_wconf 91' lang='lat' dir='ltr'>et</span> <span class='ocrx_word' id='word_1_34' title='bbox 523 530 640 596; x_wconf 83' lang='lat' dir='ltr'>vestigia</span> <span class='ocrx_word' id='word_1_35' title='bbox 648 535 727 583; x_wconf 87' lang='lat' dir='ltr'>retro</span> 
     </span>
     <span class='ocr_line' id='line_1_7' title="bbox 91 595 766 664; baseline 0 -16"><span class='ocrx_word' id='word_1_36' title='bbox 91 604 234 664; x_wconf 83' lang='lat' dir='ltr'>tasequor</span> <span class='ocrx_word' id='word_1_37' title='bbox 243 612 294 663; x_wconf 82' lang='lat' dir='ltr'>per</span> <span class='ocrx_word' id='word_1_38' title='bbox 304 602 466 660; x_wconf 88' lang='lat' dir='ltr'>noctem,et</span> <span class='ocrx_word' id='word_1_39' title='bbox 476 595 581 649; x_wconf 88' lang='lat' dir='ltr'>lumine</span> <span class='ocrx_word' id='word_1_40' title='bbox 591 597 691 649; x_wconf 84' lang='lat' dir='ltr'>lustro.</span> <span class='ocrx_word' id='word_1_41' title='bbox 763 606 766 611; x_wconf 85' lang='lat'>&#39;</span> 
     </span>
     <span class='ocr_line' id='line_1_8' title="bbox 91 665 785 740; baseline 0.004 -24"><span class='ocrx_word' id='word_1_42' title='bbox 91 666 189 734; x_wconf 76' lang='lat' dir='ltr'>ubique</span> <span class='ocrx_word' id='word_1_43' title='bbox 200 668 318 728; x_wconf 81' lang='lat' dir='ltr'>aninros,</span> <span class='ocrx_word' id='word_1_44' title='bbox 328 665 411 716; x_wconf 90' lang='lat' dir='ltr'>simul</span> <span class='ocrx_word' id='word_1_45' title='bbox 420 669 481 732; x_wconf 87' lang='lat' dir='ltr'>ipsa</span> <span class='ocrx_word' id='word_1_46' title='bbox 489 667 601 718; x_wconf 85' lang='lat' dir='ltr'>silentia</span> <span class='ocrx_word' id='word_1_47' title='bbox 610 671 726 719; x_wconf 81' lang='lat' dir='ltr'>terrent.</span> <span class='ocrx_word' id='word_1_48' title='bbox 736 673 785 740; x_wconf 83' lang='lat'>755</span> 
     </span>
     <span class='ocr_line' id='line_1_9' title="bbox 91 733 656 801; baseline 0.002 -16"><span class='ocrx_word' id='word_1_49' title='bbox 91 751 171 796; x_wconf 90' lang='lat' dir='ltr'>num,</span> <span class='ocrx_word' id='word_1_50' title='bbox 181 736 205 785; x_wconf 84' lang='lat' dir='ltr'>si</span> <span class='ocrx_word' id='word_1_51' title='bbox 216 733 289 786; x_wconf 78' lang='lat' dir='ltr'>torte</span> <span class='ocrx_word' id='word_1_52' title='bbox 299 735 411 801; x_wconf 85' lang='lat' dir='ltr'>pedem,</span> <span class='ocrx_word' id='word_1_53' title='bbox 420 737 445 784; x_wconf 85' lang='lat' dir='ltr'>si</span> <span class='ocrx_word' id='word_1_54' title='bbox 455 734 528 787; x_wconf 88' lang='lat' dir='ltr'>forte</span> <span class='ocrx_word' id='word_1_55' title='bbox 537 734 656 797; x_wconf 81' lang='lat' dir='ltr'>tulisset,</span> 
     </span>
     <span class='ocr_line' id='line_1_10' title="bbox 91 803 703 866; baseline 0.002 -11"><span class='ocrx_word' id='word_1_56' title='bbox 91 818 123 856; x_wconf 88' lang='lat' dir='ltr'>·o.</span> <span class='ocrx_word' id='word_1_57' title='bbox 144 805 293 855; x_wconf 84' lang='lat' dir='ltr'>Irruerant</span> <span class='ocrx_word' id='word_1_58' title='bbox 302 803 406 866; x_wconf 87' lang='lat' dir='ltr'>Danai,</span> <span class='ocrx_word' id='word_1_59' title='bbox 417 811 445 855; x_wconf 91' lang='lat' dir='ltr'>et</span> <span class='ocrx_word' id='word_1_60' title='bbox 455 810 560 855; x_wconf 86' lang='lat' dir='ltr'>tectum</span> <span class='ocrx_word' id='word_1_61' title='bbox 572 817 653 857; x_wconf 86' lang='lat' dir='ltr'>omne</span> <span class='ocrx_word' id='word_1_62' title='bbox 663 809 703 856; x_wconf 86' lang='lat' dir='ltr'>te·</span> 
     </span>
     <span class='ocr_line' id='line_1_11' title="bbox 380 872 491 923; baseline -0.009 0"><span class='ocrx_word' id='word_1_63' title='bbox 380 872 491 923; x_wconf 87' lang='lat' dir='ltr'>nebant.</span> 
     </span>
     <span class='ocr_line' id='line_1_12' title="bbox 91 940 586 1006; baseline -0.004 -14"><span class='ocrx_word' id='word_1_64' title='bbox 91 942 123 992; x_wconf 72' lang='lat' dir='ltr'>uis</span> <span class='ocrx_word' id='word_1_65' title='bbox 135 940 209 992; x_wconf 82' lang='lat' dir='ltr'>edax</span> <span class='ocrx_word' id='word_1_66' title='bbox 218 955 327 991; x_wconf 84' lang='lat' dir='ltr'>summa</span> <span class='ocrx_word' id='word_1_67' title='bbox 336 940 372 991; x_wconf 89' lang='lat' dir='ltr'>ad</span> <span class='ocrx_word' id='word_1_68' title='bbox 383 940 494 1006; x_wconf 72' lang='lat' dir='ltr'>fastigia</span> <span class='ocrx_word' id='word_1_69' title='bbox 503 946 586 992; x_wconf 82' lang='lat' dir='ltr'>rento</span> 
     </span>
     <span class='ocr_line' id='line_1_13' title="bbox 96 1008 677 1076; baseline -0.003 -14"><span class='ocrx_word' id='word_1_70' title='bbox 96 1027 104 1074; x_wconf 78' lang='lat'><em>3</em></span> <span class='ocrx_word' id='word_1_71' title='bbox 120 1016 294 1076; x_wconf 83' lang='lat' dir='ltr'>exsuperant</span> <span class='ocrx_word' id='word_1_72' title='bbox 304 1008 444 1071; x_wconf 82' lang='lat' dir='ltr'>llammae3</span> <span class='ocrx_word' id='word_1_73' title='bbox 459 1009 632 1060; x_wconf 82' lang='lat' dir='ltr'>furitacstus</span> <span class='ocrx_word' id='word_1_74' title='bbox 641 1009 677 1060; x_wconf 88' lang='lat' dir='ltr'>ad</span> 
     </span>
     <span class='ocr_line' id='line_1_14' title="bbox 381 1093 471 1128; baseline -0.022 0"><span class='ocrx_word' id='word_1_75' title='bbox 381 1093 471 1128; x_wconf 86' lang='lat' dir='ltr'>auras.</span> 
     </span>
     <span class='ocr_line' id='line_1_15' title="bbox 92 1147 786 1215; baseline 0 -16"><span class='ocrx_word' id='word_1_76' title='bbox 92 1183 100 1210; x_wconf 94' lang='lat'>,</span> <span class='ocrx_word' id='word_1_77' title='bbox 111 1153 144 1200; x_wconf 89' lang='lat' dir='ltr'>et</span> <span class='ocrx_word' id='word_1_78' title='bbox 153 1147 258 1198; x_wconf 80' lang='lat' dir='ltr'><strong>Priami</strong></span> <span class='ocrx_word' id='word_1_79' title='bbox 268 1147 349 1198; x_wconf 88' lang='lat' dir='ltr'>sedes</span> <span class='ocrx_word' id='word_1_80' title='bbox 358 1161 507 1214; x_wconf 82' lang='lat' dir='ltr'>arcemque</span> <span class='ocrx_word' id='word_1_81' title='bbox 516 1148 616 1198; x_wconf 79' lang='lat' dir='ltr'>reviso.</span> <span class='ocrx_word' id='word_1_82' title='bbox 736 1149 786 1215; x_wconf 74' lang='lat'>760</span> 
     </span>
     <span class='ocr_line' id='line_1_16' title="bbox 95 1214 551 1282; baseline -0.007 -13"><span class='ocrx_word' id='word_1_83' title='bbox 95 1216 234 1269; x_wconf 87' lang='lat' dir='ltr'>orticibus</span> <span class='ocrx_word' id='word_1_84' title='bbox 243 1216 338 1266; x_wconf 82' lang='lat' dir='ltr'>vacula</span> <span class='ocrx_word' id='word_1_85' title='bbox 346 1216 460 1267; x_wconf 85' lang='lat' dir='ltr'>lunonis</span> <span class='ocrx_word' id='word_1_86' title='bbox 470 1214 551 1282; x_wconf 85' lang='lat' dir='ltr'>asylo</span> 
     </span>
     <span class='ocr_line' id='line_1_17' title="bbox 92 1281 569 1348; baseline -0.006 -11"><span class='ocrx_word' id='word_1_87' title='bbox 92 1301 99 1337; x_wconf 78' lang='grc' dir='ltr'>ι</span> <span class='ocrx_word' id='word_1_88' title='bbox 110 1286 194 1347; x_wconf 90' lang='lat' dir='ltr'>lecti,</span> <span class='ocrx_word' id='word_1_89' title='bbox 205 1282 331 1336; x_wconf 82' lang='lat' dir='ltr'>Phoenix</span> <span class='ocrx_word' id='word_1_90' title='bbox 340 1290 369 1335; x_wconf 88' lang='lat' dir='ltr'>ct</span> <span class='ocrx_word' id='word_1_91' title='bbox 378 1283 456 1334; x_wconf 87' lang='lat' dir='ltr'>dirus</span> <span class='ocrx_word' id='word_1_92' title='bbox 465 1281 569 1348; x_wconf 80' lang='lat' dir='ltr'>Vlixes,</span> 
     </span>
     <span class='ocr_line' id='line_1_18' title="bbox 91 1352 704 1421; baseline -0.002 -14"><span class='ocrx_word' id='word_1_93' title='bbox 91 1374 99 1407; x_wconf 85' lang='grc' dir='ltr'>ι</span> <span class='ocrx_word' id='word_1_94' title='bbox 110 1354 302 1407; x_wconf 75' lang='lat' dir='ltr'>asservabant„</span> <span class='ocrx_word' id='word_1_95' title='bbox 320 1353 385 1404; x_wconf 86' lang='lat' dir='ltr'>Huc</span> <span class='ocrx_word' id='word_1_96' title='bbox 394 1352 517 1420; x_wconf 88' lang='lat' dir='ltr'>undique</span> <span class='ocrx_word' id='word_1_97' title='bbox 528 1354 615 1404; x_wconf 73' lang='lat' dir='ltr'>Treta</span> <span class='ocrx_word' id='word_1_98' title='bbox 625 1367 704 1421; x_wconf 81' lang='lat' dir='ltr'>gaza,</span> 
     </span>
     <span class='ocr_line' id='line_1_19' title="bbox 95 1421 630 1490; baseline -0.006 -14"><span class='ocrx_word' id='word_1_99' title='bbox 95 1429 198 1490; x_wconf 81' lang='lat' dir='ltr'>erepta</span> <span class='ocrx_word' id='word_1_100' title='bbox 207 1423 313 1490; x_wconf 81' lang='lat' dir='ltr'>adytis,</span> <span class='ocrx_word' id='word_1_101' title='bbox 325 1437 492 1489; x_wconf 80' lang='lat' dir='ltr'>mensaeque</span> <span class='ocrx_word' id='word_1_102' title='bbox 504 1421 630 1485; x_wconf 79' lang='lat' dir='ltr'>deorum,</span> 
     </span>
     <span class='ocr_line' id='line_1_20' title="bbox 92 1489 787 1562; baseline -0.006 -18"><span class='ocrx_word' id='word_1_103' title='bbox 92 1507 151 1562; x_wconf 90' lang='lat' dir='ltr'>que</span> <span class='ocrx_word' id='word_1_104' title='bbox 160 1506 233 1544; x_wconf 87' lang='lat' dir='ltr'>auro</span> <span class='ocrx_word' id='word_1_105' title='bbox 241 1492 336 1553; x_wconf 89' lang='lat' dir='ltr'>solidi,</span> <span class='ocrx_word' id='word_1_106' title='bbox 347 1491 510 1558; x_wconf 82' lang='lat' dir='ltr'>captivaque</span> <span class='ocrx_word' id='word_1_107' title='bbox 520 1492 612 1554; x_wconf 80' lang='lat' dir='ltr'>vestis,</span> <span class='ocrx_word' id='word_1_108' title='bbox 736 1489 787 1556; x_wconf 82' lang='lat'>765</span> 
     </span>
     <span class='ocr_line' id='line_1_21' title="bbox 92 1559 727 1627; baseline -0.002 -15"><span class='ocrx_word' id='word_1_109' title='bbox 92 1577 142 1613; x_wconf 84' lang='lat' dir='ltr'>ur.</span> <span class='ocrx_word' id='word_1_110' title='bbox 162 1561 247 1613; x_wconf 90' lang='lat' dir='ltr'>Pueri</span> <span class='ocrx_word' id='word_1_111' title='bbox 256 1567 285 1613; x_wconf 91' lang='lat' dir='ltr'>et</span> <span class='ocrx_word' id='word_1_112' title='bbox 293 1560 409 1627; x_wconf 79' lang='lat' dir='ltr'>pavidae</span> <span class='ocrx_word' id='word_1_113' title='bbox 419 1559 503 1627; x_wconf 83' lang='lat' dir='ltr'>longo</span> <span class='ocrx_word' id='word_1_114' title='bbox 514 1559 612 1621; x_wconf 88' lang='lat' dir='ltr'>ordine</span> <span class='ocrx_word' id='word_1_115' title='bbox 622 1564 727 1612; x_wconf 88' lang='lat' dir='ltr'>matres</span> 
     </span>
     <span class='ocr_line' id='line_1_22' title="bbox 92 1645 303 1682; baseline -0.005 0"><span class='ocrx_word' id='word_1_116' title='bbox 92 1645 171 1682; x_wconf 50' lang='lat' dir='ltr'>*cum</span> <span class='ocrx_word' id='word_1_117' title='bbox 300 1670 303 1675; x_wconf 90' lang='lat'>.</span> 
     </span>
     <span class='ocr_line' id='line_1_23' title="bbox 92 1695 642 1764; baseline -0.005 -12"><span class='ocrx_word' id='word_1_118' title='bbox 92 1701 130 1752; x_wconf 71' lang='lat' dir='ltr'>nin</span> <span class='ocrx_word' id='word_1_119' title='bbox 141 1700 227 1752; x_wconf 87' lang='lat' dir='ltr'>etlam</span> <span class='ocrx_word' id='word_1_120' title='bbox 236 1712 319 1753; x_wconf 81' lang='lat' dir='ltr'>voces</span> <span class='ocrx_word' id='word_1_121' title='bbox 328 1698 435 1750; x_wconf 84' lang='lat' dir='ltr'>iactare</span> <span class='ocrx_word' id='word_1_122' title='bbox 445 1712 495 1764; x_wconf 84' lang='lat' dir='ltr'>per</span> <span class='ocrx_word' id='word_1_123' title='bbox 505 1695 642 1760; x_wconf 87' lang='lat' dir='ltr'>umbram,</span> 
     </span>
    </p>

    <p class='ocr_par' dir='ltr' id='par_1_3' title="bbox 92 1766 785 1956">
     <span class='ocr_line' id='line_1_24' title="bbox 92 1766 625 1834; baseline -0.009 -12"><span class='ocrx_word' id='word_1_124' title='bbox 92 1769 213 1822; x_wconf 80' lang='lat' dir='ltr'>:lamere</span> <span class='ocrx_word' id='word_1_125' title='bbox 222 1769 293 1831; x_wconf 82' lang='lat' dir='ltr'>vias,</span> <span class='ocrx_word' id='word_1_126' title='bbox 303 1772 481 1834; x_wconf 84' lang='lat' dir='ltr'>moestusque</span> <span class='ocrx_word' id='word_1_127' title='bbox 492 1766 625 1818; x_wconf 75' lang='lat' dir='ltr'>Creusam</span> 
     </span>
     <span class='ocr_line' id='line_1_25' title="bbox 92 1836 785 1917; baseline -0.001 -26"><span class='ocrx_word' id='word_1_128' title='bbox 92 1838 341 1906; x_wconf 79' lang='lat' dir='ltr'>namingeminans</span> <span class='ocrx_word' id='word_1_129' title='bbox 350 1836 509 1917; x_wconf 82' lang='lat' dir='ltr'>iterumque</span> <span class='ocrx_word' id='word_1_130' title='bbox 519 1836 677 1904; x_wconf 88' lang='lat' dir='ltr'>iterumque</span> <span class='ocrx_word' id='word_1_131' title='bbox 734 1855 785 1908; x_wconf 84' lang='lat'>⁷7⁰</span> 
     </span>
     <span class='ocr_line' id='line_1_26' title="bbox 378 1919 483 1956; baseline 0.01 -3"><span class='ocrx_word' id='word_1_132' title='bbox 378 1919 483 1956; x_wconf 80' lang='lat' dir='ltr'>vocam.</span> 
     </span>
    </p>

    <p class='ocr_par' dir='ltr' id='par_1_4' title="bbox 92 1972 606 2040">
     <span class='ocr_line' id='line_1_27' title="bbox 92 1972 606 2040; baseline -0.014 -10"><span class='ocrx_word' id='word_1_133' title='bbox 92 1977 128 2040; x_wconf 83' lang='lat' dir='ltr'>ti,</span> <span class='ocrx_word' id='word_1_134' title='bbox 139 1982 169 2029; x_wconf 87' lang='lat' dir='ltr'>et</span> <span class='ocrx_word' id='word_1_135' title='bbox 179 1976 261 2028; x_wconf 87' lang='lat' dir='ltr'>tectis</span> <span class='ocrx_word' id='word_1_136' title='bbox 270 1972 347 2025; x_wconf 88' lang='lat' dir='ltr'>urbis</span> <span class='ocrx_word' id='word_1_137' title='bbox 357 1975 416 2025; x_wconf 89' lang='lat' dir='ltr'>sine</span> <span class='ocrx_word' id='word_1_138' title='bbox 426 1975 481 2024; x_wconf 87' lang='lat' dir='ltr'>line</span> <span class='ocrx_word' id='word_1_139' title='bbox 492 1972 606 2035; x_wconf 84' lang='lat' dir='ltr'>furenti,</span> 
     </span>
    </p>

    <p class='ocr_par' dir='ltr' id='par_1_5' title="bbox 93 2043 687 2110">
     <span class='ocr_line' id='line_1_28' title="bbox 93 2043 687 2110; baseline -0.007 -13"><span class='ocrx_word' id='word_1_140' title='bbox 93 2044 253 2098; x_wconf 84' lang='lat' dir='ltr'>mulacrum</span> <span class='ocrx_word' id='word_1_141' title='bbox 265 2049 350 2110; x_wconf 86' lang='lat' dir='ltr'>atque</span> <span class='ocrx_word' id='word_1_142' title='bbox 359 2043 446 2109; x_wconf 88' lang='lat' dir='ltr'>ipsius</span> <span class='ocrx_word' id='word_1_143' title='bbox 456 2043 555 2092; x_wconf 89' lang='lat' dir='ltr'>umbra</span> <span class='ocrx_word' id='word_1_144' title='bbox 566 2043 687 2093; x_wconf 75' lang='lat' dir='ltr'>Creticae</span> 
     </span>
    </p>

    <p class='ocr_par' dir='ltr' id='par_1_6' title="bbox 92 2112 628 2177">
     <span class='ocr_line' id='line_1_29' title="bbox 92 2112 628 2177; baseline -0.013 -10"><span class='ocrx_word' id='word_1_145' title='bbox 92 2117 102 2167; x_wconf 83' lang='lat' dir='ltr'>l</span> <span class='ocrx_word' id='word_1_146' title='bbox 113 2120 182 2166; x_wconf 85' lang='lat' dir='ltr'>ante</span> <span class='ocrx_word' id='word_1_147' title='bbox 193 2112 302 2174; x_wconf 91' lang='lat' dir='ltr'>oculos,</span> <span class='ocrx_word' id='word_1_148' title='bbox 313 2118 343 2162; x_wconf 87' lang='lat' dir='ltr'>et</span> <span class='ocrx_word' id='word_1_149' title='bbox 351 2117 419 2162; x_wconf 88' lang='lat' dir='ltr'>nota</span> <span class='ocrx_word' id='word_1_150' title='bbox 427 2113 519 2163; x_wconf 87' lang='lat' dir='ltr'>maior</span> <span class='ocrx_word' id='word_1_151' title='bbox 527 2113 628 2177; x_wconf 85' lang='lat' dir='ltr'>imago.</span> 
     </span>
    </p>

    <p class='ocr_par' dir='ltr' id='par_1_7' title="bbox 92 2178 683 2300">
     <span class='ocr_line' id='line_1_30' title="bbox 92 2178 683 2300; baseline -0.012 -64"><span class='ocrx_word' id='word_1_152' title='bbox 92 2186 114 2250; x_wconf 88' lang='lat' dir='ltr'>t,</span> <span class='ocrx_word' id='word_1_153' title='bbox 125 2187 322 2250; x_wconf 88' lang='lat' dir='ltr'>steteruntque</span> <span class='ocrx_word' id='word_1_154' title='bbox 332 2195 441 2300; x_wconf 44' lang='lat' dir='ltr'>sangae,</span> <span class='ocrx_word' id='word_1_155' title='bbox 452 2185 546 2231; x_wconf 79' lang='lat' dir='ltr'>atrox</span> <span class='ocrx_word' id='word_1_156' title='bbox 555 2178 683 2233; x_wconf 80' lang='lat' dir='ltr'>faucibus</span> 
     </span>
     <span class='ocr_line' id='line_1_31' title="bbox 397 2250 476 2300; baseline -0.013 0"><span class='ocrx_word' id='word_1_157' title='bbox 397 2250 476 2300; x_wconf 78' lang='lat' dir='ltr'>accit„</span> 
     </span>
    </p>
   </div>
   <div class='ocr_carea' id='block_1_3' title="bbox 93 2307 788 2736">
    <p class='ocr_par' dir='ltr' id='par_1_8' title="bbox 93 2307 784 2454">
     <span class='ocr_line' id='line_1_32' title="bbox 93 2307 784 2384; baseline -0.014 -9"><span class='ocrx_word' id='word_1_158' title='bbox 93 2308 601 2384; x_wconf 75' lang='lat' dir='ltr'>affari‚eteurashisdemeredicfis:</span> <span class='ocrx_word' id='word_1_159' title='bbox 735 2307 784 2376; x_wconf 82' lang='lat'>775</span> 
     </span>
     <span class='ocr_line' id='line_1_33' title="bbox 93 2385 616 2454; baseline -0.013 -11"><span class='ocrx_word' id='word_1_160' title='bbox 93 2397 157 2443; x_wconf 86' lang='lat' dir='ltr'>tum</span> <span class='ocrx_word' id='word_1_161' title='bbox 166 2391 265 2441; x_wconf 86' lang='lat' dir='ltr'>insano</span> <span class='ocrx_word' id='word_1_162' title='bbox 274 2390 351 2440; x_wconf 84' lang='lat' dir='ltr'>iuvat</span> <span class='ocrx_word' id='word_1_163' title='bbox 358 2386 505 2454; x_wconf 84' lang='lat' dir='ltr'>indulgere</span> <span class='ocrx_word' id='word_1_164' title='bbox 516 2385 616 2447; x_wconf 84' lang='lat' dir='ltr'>dolori,</span> 
     </span>
    </p>

    <p class='ocr_par' dir='ltr' id='par_1_9' title="bbox 96 2455 684 2514">
     <span class='ocr_line' id='line_1_34' title="bbox 96 2455 684 2514; baseline -0.019 0"><span class='ocrx_word' id='word_1_165' title='bbox 96 2459 240 2514; x_wconf 67' lang='lat' dir='ltr'>coniunx!</span> <span class='ocrx_word' id='word_1_166' title='bbox 254 2473 310 2510; x_wconf 91' lang='lat' dir='ltr'>non</span> <span class='ocrx_word' id='word_1_167' title='bbox 320 2455 389 2509; x_wconf 90' lang='lat' dir='ltr'>haec</span> <span class='ocrx_word' id='word_1_168' title='bbox 398 2458 457 2509; x_wconf 90' lang='lat' dir='ltr'>sine</span> <span class='ocrx_word' id='word_1_169' title='bbox 468 2457 581 2506; x_wconf 78' lang='lat' dir='ltr'>nunnine</span> <span class='ocrx_word' id='word_1_170' title='bbox 591 2456 684 2506; x_wconf 82' lang='lat' dir='ltr'>divum</span> 
     </span>
    </p>

    <p class='ocr_par' dir='ltr' id='par_1_10' title="bbox 93 2525 788 2736">
     <span class='ocr_line' id='line_1_35' title="bbox 93 2525 725 2596; baseline -0.017 -13"><span class='ocrx_word' id='word_1_171' title='bbox 93 2537 115 2596; x_wconf 82' lang='lat' dir='ltr'>t3</span> <span class='ocrx_word' id='word_1_172' title='bbox 124 2543 179 2582; x_wconf 88' lang='lat' dir='ltr'>nec</span> <span class='ocrx_word' id='word_1_173' title='bbox 187 2535 217 2581; x_wconf 89' lang='lat' dir='ltr'>te</span> <span class='ocrx_word' id='word_1_174' title='bbox 227 2526 292 2579; x_wconf 85' lang='lat' dir='ltr'>hinc</span> <span class='ocrx_word' id='word_1_175' title='bbox 301 2529 432 2579; x_wconf 89' lang='lat' dir='ltr'>comitem</span> <span class='ocrx_word' id='word_1_176' title='bbox 441 2531 587 2591; x_wconf 84' lang='lat' dir='ltr'>asportare</span> <span class='ocrx_word' id='word_1_177' title='bbox 593 2525 725 2575; x_wconf 76' lang='lat' dir='ltr'>Creusam</span> 
     </span>
     <span class='ocr_line' id='line_1_36' title="bbox 95 2594 610 2665; baseline -0.021 -13"><span class='ocrx_word' id='word_1_178' title='bbox 95 2600 149 2653; x_wconf 86' lang='lat' dir='ltr'>ille</span> <span class='ocrx_word' id='word_1_179' title='bbox 160 2599 228 2650; x_wconf 87' lang='lat' dir='ltr'>sinit</span> <span class='ocrx_word' id='word_1_180' title='bbox 237 2598 332 2665; x_wconf 82' lang='lat' dir='ltr'>superi</span> <span class='ocrx_word' id='word_1_181' title='bbox 343 2600 477 2662; x_wconf 84' lang='lat' dir='ltr'>regnator</span> <span class='ocrx_word' id='word_1_182' title='bbox 487 2594 610 2660; x_wconf 87' lang='lat' dir='ltr'>Olympi.</span> 
     </span>
     <span class='ocr_line' id='line_1_37' title="bbox 93 2659 788 2736; baseline -0.017 -10"><span class='ocrx_word' id='word_1_183' title='bbox 93 2669 375 2736; x_wconf 63' lang='lat' dir='ltr'>nienffiaetvastum</span> <span class='ocrx_word' id='word_1_184' title='bbox 380 2659 727 2730; x_wconf 82' lang='lat' dir='ltr'>marisaequorarandum.</span> <span class='ocrx_word' id='word_1_185' title='bbox 738 2661 788 2722; x_wconf 85' lang='lat'>780</span> 
     </span>
    </p>
   </div>
   <div class='ocr_carea' id='block_1_4' title="bbox 0 0 948 3052">
    <p class='ocr_par' dir='ltr' id='par_1_11' title="bbox 0 0 948 3052">
     <span class='ocr_line' id='line_1_38' title="bbox 0 0 948 3052; baseline 0 0"><span class='ocrx_word' id='word_1_186' title='bbox 0 0 948 3052; x_wconf 95' lang='lat' dir='ltr'> </span> 
     </span>
    </p>
   </div>
  </div>
 </body>
</html>
