1882 3052
26 105 31 117 “
122 126 175 183 eos
281 124 313 178 r.
331 120 513 176 vrnarnn
534 116 725 197 nunonis

122 225 622 294 Omnialuxuriaepretiisincognita
630 224 712 286 cirris,

81 298 116 354 bo
123 300 202 362 Quae
212 298 338 349 lacerant
347 295 563 347 aridasinimico
572 298 688 360 pectore
697 295 812 343 meritos

124 367 155 420 Si
165 381 221 418 non
230 367 346 433 Assyrio
357 363 462 415 fuerint
471 362 513 414 bis
523 363 601 414 lauta
610 361 715 423 oolore,

124 436 252 490 Attalicis
263 435 360 500 opibus
370 433 450 495 deta,
459 431 577 495 vellera3
591 431 616 480 si
626 431 703 481 nitor
712 428 775 480 aori

126 504 182 557 Sub
194 505 325 571 laqueare
333 502 434 552 doinus
443 502 567 552 animuin
575 512 632 550 nou
640 499 735 565 tangit
742 510 861 557 avernen

125 573 311 639 Picturaequc
321 571 417 632 decus,
428 569 553 635 lapidum
562 583 615 619 nco
624 566 721 635 fulgor
730 567 760 616 in
770 565 826 616 ulla

85 642 117 694 65
126 642 261 708 Cognitus
270 639 393 690 utilitate
403 642 510 702 manet,
525 652 578 688 nee
587 636 691 703 pocula
698 639 809 703 gratum

125 709 238 763 Alconis
246 707 371 759 referent
380 707 517 774 Boetique
527 710 669 757 toreuma:
684 702 807 756 neclndi

127 776 256 829 Conchea
265 777 351 828 bacca
360 778 444 828 maris
455 778 545 842 pretio
556 779 611 826 est:
627 779 657 825 at
666 778 781 839 pectore
790 784 854 838 poro

127 845 217 912 Saepe
227 859 311 911 super
320 850 419 896 tener·
430 844 584 912 prosternit
592 844 720 911 granum
729 855 840 907 corpus,

126 913 243 966 Florida
252 929 315 965 curn
325 913 410 965 tellus
420 917 592 980 gemmantes
602 913 679 978 picta
688 925 738 977 por
748 909 845 963 herbas

90 999 120 1050 70
127 983 203 1034 Vere
213 987 294 1033 notat
303 982 378 1033 dulci
389 982 521 1033 ffishnota
530 981 671 1033 coloribus
680 994 762 1042 arra,

127 1052 218 1118 Atque
227 1050 439 1112 illum·‚·calsmo
450 1050 557 1102 laetum
566 1051 712 1102 recinente
720 1047 846 1114 palustri,

128 1120 249 1186 otiaque
257 1118 361 1169 invidia
370 1119 517 1187 degentem
527 1118 670 1170 cairande
679 1122 798 1179 remota,

129 1187 342 1253 Pollentemqoe
352 1187 417 1249 sibi,
427 1187 510 1238 viridi
520 1203 584 1239 cum
592 1186 709 1254 palmite
718 1185 816 1236 lucens

129 1255 242 1307 Tmolia
251 1256 397 1321 pampineo
408 1257 503 1307 subter
514 1271 594 1308 coma
603 1255 681 1309 relat
690 1258 815 1313 amiam,

89 1327 120 1396 75
129 1324 175 1377 llli
186 1329 251 1375 sunt
261 1328 358 1391 gratae
368 1328 498 1376 rorantes
508 1323 581 1376 lacte
591 1324 726 1391 capellae,

130 1395 167 1444 Et
176 1407 286 1455 nemus,
296 1397 325 1444 et
335 1391 454 1444 fecunda
464 1392 558 1455 Pales,
568 1399 598 1445 et
607 1393 727 1444 vallibus
732 1394 802 1444 imis

131 1460 247 1528 Semper
257 1475 345 1527 opaca
354 1463 432 1513 noris
442 1464 585 1527 manantia
594 1461 720 1513 fontibus
730 1468 820 1513 antra·

131 1530 200 1592 Quis
212 1531 299 1596 magis
309 1535 405 1595 optato
416 1536 500 1598 queat
510 1546 571 1582 esse
580 1531 691 1582 beatior
700 1546 780 1593 aero,

1 1625 3 1636 ·
86 1600 89 1604 '
132 1600 221 1660 Quam
232 1600 279 1665 qui
289 1603 381 1650 mente
392 1598 570 1665 proculpura
579 1614 719 1668 sensuque
729 1597 861 1666 probandi

90 1671 123 1721 80
131 1668 195 1720 Non
207 1667 299 1718 avidos
310 1670 424 1734 agnovit
434 1682 513 1732 opes;
528 1682 585 1718 non
595 1669 690 1720 tristia
698 1669 785 1731 bella,

131 1737 191 1789 Nec
202 1735 313 1786 funesta
323 1738 403 1788 timet
412 1736 520 1787 validae
531 1738 684 1788 certamina
695 1738 807 1800 classis3

131 1804 208 1867 Non,
220 1805 318 1871 spoliis
330 1806 395 1857 duni
405 1811 502 1856 sancta
510 1805 601 1858 Deum
612 1806 787 1873 fulgentibus
797 1819 861 1857 orne

133 1872 263 1939 Templa,
273 1873 318 1925 vel
328 1881 440 1927 erectus
450 1876 533 1926 linem
543 1875 723 1937 transcendat
731 1874 860 1934 'habendi

132 1942 287 1994 Adversum
297 1944 388 1994 saeris
397 1944 473 1995 ultro
484 1949 568 2010 caput
577 1943 703 1995 hostibus
714 1943 807 1996 offert.

91 2015 124 2068 85
132 2011 177 2064 llli
188 2009 261 2086 falce
271 2011 348 2062 Deus
359 2013 474 2076 colitur,
483 2028 540 2063 non
550 2017 624 2076 arte,
634 2013 752 2079 politus3

132 2080 185 2134 llle
196 2077 265 2129 colit
274 2079 365 2141 lucos3
380 2082 435 2143 illi,
446 2081 586 2134 Panchaia
596 2088 669 2144 tura,

133 2148 263 2204 Floribus
273 2154 396 2215 agrestes
406 2149 509 2202 herbae
518 2153 703 2214 variantibus,
714 2151 831 2213 adsunt,

133 2219 180 2270 illi
190 2215 279 2267 dulcis
289 2215 368 2266 adest
377 2220 500 2285 requies,
511 2225 540 2270 et
550 2236 621 2287 pura
630 2221 770 2288 voluptas,

135 2287 248 2349 Libera,
259 2284 428 2350 simplicibus
438 2289 524 2339 curis:
540 2287 594 2340 huc
604 2290 745 2352 imminet,
756 2304 851 2341 ornnes

19 2379 20 2382 ¹
93 2374 128 2426 90
135 2357 240 2424 Dirigit
249 2353 304 2407 hue
312 2370 421 2419 sensus,
432 2355 501 2409 haec
511 2373 578 2409 eura
585 2364 632 2410 est
641 2359 756 2411 subdita
767 2358 852 2421 cordi,

136 2426 270 2490 Quolibet
278 2430 311 2476 ut
321 2428 416 2493 requie
425 2428 499 2477 rictu
510 2433 658 2480 contentus
668 2428 802 2492 abundet,

136 2496 316 2563 iucundoque
326 2494 395 2562 liget
405 2496 565 2564 languentia
577 2512 696 2566 corpora
704 2514 814 2551 somno.

137 2567 161 2616 0
172 2565 306 2632 pecudes,
316 2578 332 2614 o
342 2564 510 2631 Panes,·eto
519 2570 678 2636 gratissima
688 2571 798 2636 'l‘ernpc

136 2632 235 2690 Fontis
245 2634 484 2706 Hamadryadum:
500 2653 617 2706 quarum
628 2655 684 2693 non
696 2639 784 2694 divite
795 2637 861 2692 culti
