1882 3052
192 166 245 221 mo
352 163 381 214 P.
401 162 583 215 VlRGlLll
606 161 800 215 MARONIS

134 285 185 319 200
193 265 360 327 Dauliades,
370 265 505 329 (crudele)
517 267 591 323 venit
601 267 746 318 carissima
755 265 834 317 vobis

194 337 335 403 Cognatos
346 350 450 402 augens
460 349 541 402 reges
552 349 876 404 numerumquesuorum

193 406 278 465 Ciris,
290 408 318 455 et
328 405 386 469 ipse
395 404 487 470 palem
501 403 931 472 vos‚o.p1dcberrimaqudndan

194 474 332 540 Corpora,
343 471 662 538 cacruleaspraevertite
672 474 701 523 iu
712 471 831 525 aethera
840 472 930 534 nubes,

194 544 257 604 Qua
266 556 352 594 novus
363 541 399 592 ad
408 545 540 608 superum
550 541 629 593 sedes
641 540 801 605 calmetus,
812 547 904 609 etqua

137 611 184 662 205
195 611 320 662 Candida
330 622 475 661 concessos
486 610 638 662 adscendet
648 611 720 662 Ciris
730 609 862 663 bonores.

231 681 343 747 lamque
354 678 424 730 adeo
435 679 509 730 dulci
520 678 663 730 devinctus
673 679 780 731 lumina
790 693 887 731 somno

195 748 279 802 Nisus
290 752 363 799 crat:
378 747 548 816 vigilumque
557 748 656 815 procul
667 748 793 800 custodia
802 750 897 816 primis

141 865 148 879 ,
195 818 332 870 Excubias
343 815 450 867 loribus
461 817 553 868 studio
563 818 686 869 iactabat
695 818 784 868 inani:

198 887 265 937 Cum
276 885 372 936 furtim
382 887 469 936 tacito
480 886 648 938 descendens
660 886 757 954 Scylla
767 886 852 938 cubili

139 968 187 1004 210
197 955 315 1007 Auribus
326 956 444 1006 arrectis
454 961 592 1007 nocturna
602 956 714 1008 silentia
724 960 831 1018 tentat3

196 1026 235 1077 Et
244 1025 348 1089 pressis
359 1029 470 1076 tenuem
480 1024 649 1090 singultibus
659 1028 725 1076 abra
735 1030 838 1091 captat.

198 1096 271 1145 Tum
282 1107 416 1159 suspensa
427 1093 521 1144 levans
532 1093 626 1160 digitis
636 1095 754 1162 vestigia
763 1095 862 1159 primis

198 1161 363 1229 Egreditru3
380 1160 509 1229 ferroque
520 1175 618 1213 manus
629 1168 737 1214 armata
746 1163 855 1221 bidenti

199 1231 312 1282 Evolat:
329 1235 358 1281 at
367 1229 477 1281 demtac
487 1231 581 1284 subita
591 1233 620 1282 in
630 1230 779 1283 formidine
791 1232 873 1282 vires.

141 1289 191 1343 215
202 1299 351 1352 Caeruleus
361 1313 413 1349 sua
423 1299 499 1351 furta
508 1301 584 1366 prius
594 1305 716 1352 testatur
726 1300 762 1351 ad
768 1301 893 1351 umbras.

199 1369 283 1432 Nam,
294 1383 390 1436 quase
401 1368 436 1419 ad
447 1371 567 1435 patrium
575 1369 711 1430 tendebat
718 1371 821 1421 semita
831 1369 918 1428 limen,

199 1438 346 1491 Vestibula
358 1439 386 1487 in
394 1436 513 1489 ‚thalami
522 1439 647 1506 paullum
656 1443 830 1502 remoratur-3
842 1437 931 1490 ctaltu

92 1538 100 1546 -
199 1505 320 1572 Suspicit
329 1505 364 1560 ad
375 1506 443 1558 culti
453 1508 581 1558 nutantia
590 1506 682 1560 sidera
691 1508 797 1570 mundi,

199 1576 262 1628 Non
272 1580 387 1643 accepta
398 1576 448 1641 piis
459 1578 624 1642 promittens
634 1591 751 1627 munera
760 1576 850 1628 Divis.

139 1649 190 1684 2²0
235 1646 324 1708 Quam
335 1645 417 1695 simul
428 1647 529 1713 Ogygii
540 1644 685 1697 Phoenicis
695 1645 755 1695 lilia
765 1646 866 1696 Carme

200 1712 319 1780 Surgere
330 1715 417 1765 sensit
427 1730 508 1778 anus,
518 1717 650 1777 (sonitum
661 1729 725 1764 nam
736 1713 844 1766 fecerat
854 1714 895 1764 illi

199 1784 358 1835 Marmorea
370 1791 481 1834 aeratus
492 1785 612 1835 stridens
623 1785 650 1833 in
662 1782 757 1834 limine
769 1784 867 1844 cardo)

200 1853 321 1918 Corripit
330 1852 470 1916 extemplo
482 1851 583 1904 lessam
594 1853 730 1919 languore
740 1851 877 1918 puellam:

199 1921 237 1971 Et
246 1920 340 1981 simul,
353 1934 369 1970 o
380 1922 458 1970 nobis
469 1935 577 1972 sacrum
590 1926 684 1986 caput,
695 1922 799 1986 inquit,
811 1915 923 1972 alumna!

140 1976 190 2029 2²5
200 1989 261 2040 Non
270 1990 320 2040 tibi
331 1989 517 2056 nequidquam
528 1990 622 2041 viridis
632 2005 681 2055 per
691 1991 798 2040 viscera
807 1989 897 2057 pallor

198 2059 334 2124 Aegrotas
346 2060 421 2107 tenui
432 2058 549 2109 suffudit
558 2060 693 2125 sanguine
704 2073 804 2121 vcnas;

198 2126 256 2179 Nec
266 2125 346 2188 levis,
358 2123 410 2176 boc
420 2125 541 2191 faceres,
552 2131 652 2196 (neque
663 2128 736 2179 eninr
747 2130 826 2193 pote)
837 2141 899 2179 cura

613 2196 681 2248 subc
701 2197 736 2245 it:

198 2265 281 2318 Haud
292 2264 389 2328 fallar,
401 2265 476 2333 quod
485 2270 513 2317 te
523 2266 615 2332 potius
625 2212 798 2316 Rhaimusia
809 2264 888 2317 fallit.

198 2336 270 2388 Num
280 2352 335 2403 qna
346 2342 373 2387 te
384 2350 481 2385 caussa
491 2350 542 2384 nec
551 2334 639 2385 dulcis
650 2333 752 2400 pocula
762 2334 872 2395 Bacchi,

141 2399 190 2449 230
199 2405 257 2457 Nec
266 2404 394 2472 gravidos
405 2404 512 2454 Cereris
523 2403 611 2454 dicam
622 2404 784 2468 contingere
796 2400 885 2455 setusi

200 2477 262 2537 Qua
273 2488 372 2524 caussa
381 2471 416 2522 ad
427 2473 548 2537 patrium
559 2473 649 2523 solam
659 2474 777 2538 vigilare
788 2473 888 2534 cubile,

200 2547 341 2609 Tempore
353 2556 406 2608 quo
417 2540 504 2593 fessas
516 2541 647 2592 mortalia
658 2547 773 2606 pectora
784 2558 873 2604 curas,

107 2634 110 2639 ·
201 2614 264 2674 Quo
276 2610 482 2677 rapidosetiam
494 2611 668 2680 requiescunt
678 2609 793 2661 ssumina
803 2607 912 2662 cursusl

198 2683 253 2738 Dic
262 2695 314 2753 age
324 2694 398 2735 nunc
407 2680 525 2734 miserae
536 2678 649 2744 saltem,
660 2679 732 2748 quod
743 2693 829 2747 saepe
839 2676 931 2747 petenti
