1882 3052
154 133 238 184 varo
292 133 786 207 ·t’.v1RG1L11MARONJs
850 170 853 175 ,

141 257 174 289 20
184 237 279 287 Cernis
289 241 322 287 ut
330 236 466 289 insultent
475 235 585 300 Rutuli,
596 236 762 305 Turnusque
771 235 877 288 feratur

183 304 237 357 Per
247 305 352 357 medios
361 307 477 374 insignis
489 307 578 372 equis,
588 306 765 373 tumidusque
775 305 892 357 seeundo

182 373 928 442 MarteruatiNonelausateguntiammoeniaTeurros

183 443 257 504 Quin
266 444 340 495 intra
348 449 443 510 portas
453 448 536 511 atque
546 445 612 509 ipsis
622 443 729 509 proelia
737 444 854 494 miscent

184 513 514 579 Aggeribusmonorunn
526 511 926 579 atinundantsanguinefossaa

140 577 173 628 25
184 582 291 632 Aeneas
302 583 413 649 ignarus
424 582 511 633 abest.
530 580 714 648 Nunquamne
724 572 827 632 ierari‘

184 649 335 702 Obsidione
345 647 439 701 sines?
452 649 537 700 muris
547 652 650 702 iterum
660 650 788 700 immin'et
797 647 882 700 hostis

183 717 328 770 Nascentis
339 719 455 781 Troiae;
470 733 584 769 necnon
596 718 732 769 exereitus
743 719 824 780 aiter,
926 736 930 740 ·

183 789 272 852 Atque
282 788 384 837 iterum
395 789 423 837 in
434 788 555 838 Teucros
565 787 672 838 Aetolis
682 788 773 855 surgit
783 787 819 838 ab
828 787 900 852 Arpis

183 855 315 921 Tydides.
335 857 484 922 Equidem,
495 856 591 918 credo,
601 855 930 917 meavuirrerarestant5‘

140 925 175 975 50
183 925 221 976 Et
229 929 279 974 tua
288 925 433 991 progenies
444 926 573 975 mortalia
583 923 711 976 demoror
722 924 814 976 arma!

184 991 214 1045 Si
225 993 285 1043 sine
294 1007 360 1058 pace
371 998 432 1054 tua,
444 998 527 1059 atque
538 995 624 1044 invito
634 994 761 1056 numine,
771 996 861 1046 Troes

181 1060 293 1113 ltaliam
303 1063 421 1127 petiere:
439 1060 518 1110 luant
527 1067 653 1127 peceata3
667 1077 759 1129 neque
769 1062 836 1114 ilios
935 1070 938 1075 '

181 1131 285 1182 luseris
296 1129 408 1179 auxilio.
429 1127 477 1180 Sin
487 1133 531 1180 tot
539 1145 673 1196 responsa
682 1132 779 1195 secuti,

183 1199 260 1260 Quae
271 1196 369 1265 Superi
379 1198 534 1264 Manesque
545 1199 663 1251 dabant:
678 1215 727 1252 eur
737 1216 812 1252 nune
821 1206 869 1251 tua
923 1217 934 1236 ·=

616 1284 659 1319 urs
678 1284 741 1321 uam

142 1341 175 1394 56
184 1338 303 1391 Vertere
313 1337 390 1387 iussa
398 1335 509 1403 potesti
524 1341 573 1388 aut
582 1285 631 1388 ciqrr
641 1285 713 1388 ngva
723 1339 845 1391 condere
855 1334 941 1389 fatui-⁵

185 1406 259 1470 Quid
268 1411 393 1472 repetam
403 1411 515 1458 exustas
525 1407 646 1472 Erycino
656 1408 685 1457 in
696 1407 782 1460 litore
794 1404 907 1460 classes!
925 1422 940 1453 ·..·

184 1475 258 1540 Quid
267 1481 463 1543 tempestatum
473 1480 742 1542 regenr‚ventosque
752 1475 878 1530 furentes
924 1506 929 1519 ·

183 1545 282 1598 Aeolia
292 1542 415 1597 excitos?
430 1548 478 1595 aut
488 1549 577 1594 actam
588 1544 705 1595 nubibus
716 1544 804 1596 irim?
928 1548 938 1555 ““

182 1614 263 1665 Nune
274 1617 357 1666 etiam
368 1614 466 1664 Manes
475 1610 555 1675 (haee
563 1613 701 1664 intentata
711 1613 846 1666 manebat
925 1636 930 1655 ι

140 1681 174 1732 40
184 1682 249 1734 Sors
260 1686 364 1744 rerum)
374 1688 478 1732 movet:
495 1686 524 1732 et
534 1683 640 1746 superis
651 1683 778 1733 immisse
787 1690 898 1750 repente
934 1746 938 1751 Ι

183 1751 291 1802 Allecto
303 1752 408 1802 medias
419 1751 518 1802 italum
527 1749 660 1800 bacchata
669 1765 720 1816 per
729 1751 824 1804 urbes.
866 1785 870 1791 -
923 1762 928 1777 ·

182 1819 231 1872 Nil
240 1834 323 1885 super
332 1821 447 1885 imperio
458 1833 582 1869 moveor:
598 1822 769 1884 speravimus
780 1823 846 1884 ista,

181 1888 256 1940 Dum
267 1888 380 1938 fortuna
390 1887 455 1938 fuit:
472 1889 595 1950 vineant,
606 1901 673 1954 quos
684 1890 797 1942 sineere
807 1892 898 1943 mavis.
927 1906 940 1935 =·

183 1956 213 2008 Si
222 1956 300 2006 nulla
311 1962 354 2006 est
363 1959 455 2024 regio,
471 1958 584 2008 Teucris
595 1972 676 2023 quam
687 1957 736 2009 det
745 1963 798 2010 tua
807 1961 918 2011 eonium

139 2023 173 2076 45
181 2025 271 2076 Dura:
287 2040 336 2090 per
347 2040 472 2086 eversae,
483 2027 605 2092 genitor,
617 2025 754 2078 fumantia
765 2029 872 2081 Troiae

181 2093 297 2145 Exeidia
307 2093 444 2144 obtestor:
459 2093 542 2144 liceat
553 2093 690 2146 dimittere
701 2096 735 2147 ab
747 2099 837 2148 armis

180 2162 349 2214 lneolumem
359 2162 519 2222 Ascanium,
531 2162 613 2213 liceat
624 2177 771 2228 superesse
783 2172 914 2232 nepotem.

180 2233 288 2283 Aeneas
299 2245 365 2281 sane
376 2232 477 2297 ignotis
488 2233 609 2282 iactetur
619 2234 646 2281 in
657 2233 754 2296 undis3

180 2302 230 2363 Et,
242 2314 431 2368 quamcunque
442 2300 512 2348 viam
525 2299 633 2351 dederit
642 2300 782 2365 Fortuna,
798 2310 928 2374 sequatur!

140 2374 172 2425 50
180 2371 264 2422 Hune
273 2374 383 2436 tegere,
394 2373 423 2417 et
433 2367 509 2418 dirae
519 2368 627 2419 valeam
637 2371 794 2424 subducere
803 2385 911 2442 pugnae

180 2436 376 2498 FstAmathus,
387 2441 429 2487 est
440 2434 585 2486 celsamilii
592 2437 709 2503 Paphus,
720 2444 807 2509 etque
814 2440 930 2510 Cythera·

180 2508 284 2562 idaliae
304 2521 338 2557 ue
349 2506 459 2556 domus:
474 2506 572 2569 positis
582 2507 716 2573 inglorius
727 2513 815 2562 armis

179 2522 337 2642 uirgasque
347 2589 452 2625 aevum.
473 2575 576 2641 Magna
586 2576 691 2628 ditione
702 2578 799 2631 iubeto

182 2643 320 2711 Carthago
330 2650 438 2710 premat
447 2644 607 2694 Ausoniam:
624 2643 692 2696 nihil
704 2647 819 2702 urbibus
830 2651 886 2700 indo
929 2693 932 2699 .
