1882 3052
86 199 287 255 runurnos
308 201 388 254 nra.
405 202 457 256 rv.
591 180 648 257 'rm

86 305 141 357 tide
151 304 209 358 dux
219 309 249 358 et
257 306 396 358 'fruianus
408 306 525 359 eandem
583 355 585 358 ,

86 375 177 439 idere,
188 381 229 439 et,
238 379 289 428 tua
297 377 322 428 si
331 375 399 428 mihi
410 381 488 429 certa
496 375 636 441 veluntas,
660 381 708 436 125

86 460 157 514 rgam
166 445 262 498 stabili
271 448 466 516 propriamque
477 446 584 501 dicabo.

86 530 135 568 eus
146 517 208 568 erit
228 515 291 569 Non
301 518 448 571 adversata
456 517 564 585 petenti
646 560 649 565 .
707 546 711 553 -

86 601 102 637 e
112 585 184 637 dolis
193 587 257 637 risit
268 586 408 654 cytherea
417 589 544 656 repertis.

86 661 187 708 nterea
196 671 313 725 surgens
323 659 433 710 Aurora
442 656 584 726 relinquit

87 739 136 776 are
147 731 257 790 exerte,
268 726 532 792 delectaiuventus;
663 731 712 785 150
794 762 799 770 ·

88 793 181 861 lagae,
192 797 249 847 late
258 797 397 849 venabula
407 797 492 860 ferro,

86 869 163 916 ruunt
173 867 294 934 equites,
305 872 334 918 et
344 865 432 918 odora
442 880 540 918 canum
550 864 601 916 vis.

86 931 158 984 lamo
169 941 345 988 cunctantem
356 935 392 986 ad
402 935 500 986 limina
509 933 592 1001 primi

86 1009 231 1068 mpectant,
242 1010 374 1073 ostroque
384 1005 501 1073 insignis
512 1007 541 1054 et
551 1014 619 1052 auro

86 1109 88 1125 .
99 1086 132 1121 ac
141 1070 222 1124 frena
233 1073 314 1126 ferox
324 1076 482 1141 spumantia
492 1070 605 1124 mandit.
667 1073 715 1127 135

86 1140 217 1206 graditur,
228 1158 330 1208 magna
339 1145 459 1210 stipante
470 1146 590 1202 caterva,

86 1213 118 1260 rto
129 1210 304 1278 chlamydem
315 1213 485 1265 circumdata
495 1209 594 1273 limb03

86 1317 87 1327 ,
98 1295 133 1331 ex
142 1295 225 1342 aure,
236 1281 327 1332 crines
338 1280 478 1332 nodantur
488 1282 517 1331 in
529 1292 635 1340 aurum,
704 1289 707 1293 ·

87 1364 162 1400 reem
173 1350 313 1401 subnectit
322 1349 409 1402 fibula
418 1355 537 1402 vestem:

86 1416 186 1486 'hrygii
197 1421 312 1470 comites
323 1425 352 1471 et
361 1421 453 1472 laetus
462 1419 543 1472 Iulus
670 1428 718 1478 140

86 1503 119 1540 se
130 1493 195 1540 ante
206 1489 276 1540 alios
286 1488 490 1554 pulcherrimus
501 1501 597 1538 omnes
690 1503 705 1530 s

86 1558 140 1608 iurn
151 1559 273 1620 Aeneas,
281 1564 365 1627 atque
376 1561 489 1626 agmina
498 1558 601 1624 iungit:

86 1626 222 1678 ribernam
231 1628 349 1695 Lyciam
358 1628 520 1695 Xanthique
530 1625 638 1677 fluenta

86 1697 177 1747 icium
187 1703 342 1748 maternam
353 1700 449 1749 invisit
458 1695 567 1760 Apollo,

86 1783 90 1816 t
101 1763 212 1828 chores,
222 1769 357 1833 mixtique
367 1768 469 1816 altaria
479 1764 581 1813 circum
671 1762 718 1818 145

86 1829 658 1902 ryep'esquefremuntpictiquedgathyrsiz

86 1903 156 1955 mthi
167 1904 309 1970 graditur,
320 1902 454 1968 mollique
464 1899 598 1952 fluentem

86 1973 226 2023 ritcrinem
232 1974 348 2038 fingens,
359 1969 659 2039 atqueimplicataure;

88 2040 219 2092 humeris.
238 2041 323 2092 Haud
334 2041 384 2091 illo
395 2040 507 2107 segnior
516 2039 576 2090 ibat

85 2116 145 2162 tum
157 2114 269 2178 egregio
281 2110 365 2161 decus
376 2111 464 2161 enitet
475 2123 531 2160 ure.
673 2110 720 2163 150

86 2187 132 2232 tos
143 2186 255 2232 ventum
267 2182 296 2230 in
307 2186 416 2230 montes
426 2184 510 2247 atquc
519 2178 596 2229 invia

312 2249 414 2312 lustra,

86 2321 141 2372 iaxi
152 2320 276 2372 deiectae
286 2321 402 2381 vertice,
413 2331 512 2383 caprae

86 2391 151 2457 rgis3
167 2389 223 2439 alia
234 2389 268 2439 de
278 2397 357 2455 parte
368 2394 495 2455 patentes

86 2465 108 2510 rt
118 2475 202 2511 cursu
213 2473 323 2525 campos
334 2464 419 2526 atque
429 2457 541 2524 agmina
551 2455 625 2506 cervi

88 2528 183 2598 afuga
192 2529 361 2596 glomerant,
373 2531 536 2596 montesque
546 2522 631 2576 relin-
677 2528 724 2582 155

86 2666 146 2717 nius
154 2668 301 2723 mediisin
314 2605 444 2730 dddddus
456 2653 519 2729 ucri

90 2735 212 2804 iamque
222 2740 719 2822 hoscursufiampraeterttuies,
742 2764 744 2774 ·
