1882 3052
243 163 557 219 AENEIDOS'LlB.
577 166 662 220 vill
777 170 828 221 255

87 270 106 321 it
114 283 198 330 nunc,
208 269 230 318 si
242 268 348 320 bellare
359 283 449 335 paras,
459 275 543 336 atque
552 268 621 322 haec
630 273 681 322 tibi
693 287 769 323 niens
775 281 827 324 est:
838 280 887 328 400

87 336 213 405 luidquid
223 340 252 387 in
262 342 322 388 arte
333 352 395 389 nica
405 352 517 404 possum
527 341 691 404 promittere
703 355 793 402 curae,

87 407 149 468 luod
160 406 225 456 tieri
236 405 313 456 terro
323 407 465 474 liquidove
475 412 567 473 potest
577 407 691 470 electro,

87 475 829 543 {uantumignesanimaequeralent3absisteprecando

87 544 181 595 'iribus
191 544 351 594 indubitare
362 545 425 593 tuin
444 544 485 594 Ea
495 544 578 595 verba
589 545 699 596 loeutus

87 618 192 679 iptatos
203 611 282 662 dedit
294 612 437 678 amplexus
448 612 642 680 placidumque
652 615 750 680 petivit
839 620 887 672 405

87 681 204 748 bniugls
212 679 323 730 infusus
332 681 438 747 gremio
449 695 500 746 per
509 683 633 733 membra
642 696 779 747 soporem.

102 749 186 811 lude,
200 749 249 799 ubi
261 750 355 814 prima
361 749 438 815 quies
448 748 539 800 rnedio
549 751 605 799 iarn
615 752 705 800 noctis
715 751 829 802 abactae

87 817 220 883 utriculo
231 818 379 883 expulerat
388 832 528 879 somnum3
544 832 629 883 quum
640 817 743 897 fenqina
752 821 807 884 pri-

486 900 570 947 mum,

88 957 119 1006 :ui
127 955 257 1007 tolerare
268 953 331 1006 colo
341 954 425 1004 vitam
435 954 567 1020 tenuique
576 954 704 1004 Minerva

88 1024 378 1091 npositnm,cinerem
390 1026 419 1072 et
427 1023 533 1087 sopitos
542 1023 660 1072 suscitat
670 1023 755 1089 ignes,
839 1026 887 1074 iro

88 1091 186 1145 ioctem
196 1091 305 1144 addens
311 1090 401 1157 operi3
413 1089 586 1157 famulasque
592 1089 828 1158 adluminalongo

88 1163 191 1214 lrercet
200 1175 302 1226 penso,
313 1164 419 1211 castum
429 1163 460 1209 ut
469 1173 579 1211 servare
590 1159 682 1212 cubile

88 1231 216 1298 baiensis,
227 1232 257 1280 et
266 1230 354 1294 possit
365 1241 463 1293 parvos
474 1227 593 1279 educere
603 1231 695 1279 natos:

88 1298 149 1352 laud
160 1312 247 1351 secus
256 1298 427 1363 ignipotens,
438 1311 490 1346 nec
500 1302 626 1361 tempore
636 1297 748 1364 segnior
756 1296 807 1347 illo

88 1366 339 1419 lollibusestretis
351 1375 438 1429 opera
446 1363 482 1413 ud
491 1361 603 1413 fabrilia
612 1366 710 1432 surgit.
839 1368 887 1418 415

88 1437 163 1489 nula
173 1432 316 1488 Sicanium
327 1434 405 1483 iuxta
415 1431 489 1481 latus
499 1431 679 1500 Aeoliamque

88 1505 195 1575 ligitur
204 1502 340 1569 Liparen,
352 1499 521 1551 fumantibus
531 1499 618 1552 ardua
628 1502 714 1552 saxis:

88 1573 158 1636 luam
170 1572 271 1624 subter
280 1584 378 1637 specus
389 1573 417 1620 et
427 1567 578 1634 Cyclopum
588 1584 670 1621 exesa
680 1571 795 1621 caminis

88 1649 156 1695 utra
164 1643 293 1693 Aetnaea
303 1642 415 1699 tonant,
424 1635 563 1703 validique
574 1638 718 1690 incudibus
729 1640 799 1688 ictus

88 1713 163 1765 editi
172 1707 304 1763 referunt
313 1705 647 1774 gensitum‚striduntque
657 1707 781 1757 cavernis
839 1726 889 1760 nne

88 1774 229 1833 tricturae
235 1774 399 1842 Chalybum,
411 1781 440 1826 et
450 1772 609 1824 fornacibus
619 1775 690 1841 ignis
701 1772 829 1834 anhelat,

88 1849 186 1903 'aleam
197 1846 313 1907 domus,
324 1849 353 1896 et
361 1843 499 1896 Vulcania
508 1843 619 1894 nomine
629 1842 722 1894 tellus

88 1918 127 1971 loc
137 1924 213 1970 tunc
223 1914 382 1981 ignipotens
392 1911 472 1963 coelo
482 1910 625 1962 descendit
635 1911 669 1964 ab
680 1911 746 1962 altu.

88 2001 190 2041 enum
202 1982 370 2034 exercebant
377 1985 458 2030 -vasto
470 1978 604 2046 Cyclopes
614 1981 642 2029 iu
651 1986 743 2039 antro,

90 2059 263 2119 mutesque,
274 2049 475 2116 Steropesque,
486 2054 515 2099 et
525 2047 615 2098 nudus
626 2047 749 2100 membra
759 2046 812 2113 Py-
840 2049 889 2103 425

488 2131 610 2168 raemon.

88 2192 118 2243 lis
127 2188 319 2242 informatum
329 2187 455 2238 manibus
464 2186 518 2236 iani
528 2191 605 2251 parte
617 2185 705 2251 polita

90 2259 193 2313 ulmea
204 2263 280 2320 crat,
295 2261 357 2308 toto
368 2257 478 2323 genitor
488 2269 558 2321 quae
568 2252 689 2320 plurima
697 2253 777 2305 coelo

88 2329 176 2382 ·eilcit
186 2327 217 2376 in
227 2330 330 2387 terras3
346 2340 410 2391 pars
421 2321 585 2389 imperfecta
594 2323 730 2373 manebat

89 2403 141 2450 'res
153 2395 254 2449 isnbris
264 2395 332 2444 torti
342 2392 448 2454 radios,
457 2396 515 2443 tres
525 2392 604 2443 nubis
615 2403 736 2458 aquosae

90 2464 261 2525 ddiderant,
271 2461 348 2513 rutili
359 2467 416 2513 tres
425 2461 497 2528 ignis
507 2465 536 2511 et
546 2460 620 2510 alitis
630 2459 728 2509 austri.
846 2463 891 2513 ‘250

89 2529 833 2603 ¹ulgoresnunchoiriiicos,sonitumque‚nsetumque

89 2604 233 2657 liscebant
242 2600 331 2663 operi,
341 2597 517 2663 flammisque
526 2594 771 2664 sequacibusiras.

89 2668 214 2719 maiia
223 2664 313 2718 Marti
321 2679 496 2742 currumque
509 2670 651 2793 rotasqqre
660 2665 799 2720 volucres

653 2756 670 2792 2
