1882 3052
145 171 195 224 los
296 167 326 221 Ρ.
344 167 532 223 VlRGlLll
555 124 749 226 MARONIS

177 273 269 336 Dixit,
281 278 310 324 ot
320 279 448 325 avertens
458 285 540 323 rosea
551 271 657 323 cervice
668 267 790 331 refulsit,

142 343 361 411 Ambrosiasque
371 355 466 392 comae
477 340 600 390 divinum
610 339 714 391 vertice
726 337 842 389 odorem

144 409 306 478 Spirarere;
321 409 407 478 pedes
415 410 500 460 vestis
510 408 629 461 deduxit
637 407 673 458 ad
682 408 769 470 imos3
835 404 840 418 '

85 481 135 536 ⁴05
144 481 182 531 Et
191 494 258 532 vera
266 479 376 540 incessu
385 479 478 543 patruit
486 476 545 530 dea
565 478 617 529 llle
627 476 675 527 ubl
685 482 805 546 matrem

145 549 277 615 Agnovit,
286 547 338 597 tali
349 546 503 611 fugientem
513 553 556 598 est
565 559 633 597 voce
643 550 771 596 secutus:

145 616 218 679 Quid
228 611 324 666 natum
335 615 420 665 toties
430 615 552 667 crudelis
562 622 593 666 tu
604 628 715 683 quoque
726 612 807 665 falsis

142 685 230 736 Ludis
239 681 422 750 imaginibus!
437 684 493 734 cnr
503 684 618 736 dextrae
628 684 745 751 iungere
756 682 842 740 dextra

143 752 207 804 Non
217 751 314 813 datur,
325 766 358 803 ac
368 765 448 803 veras
459 752 557 805 audire
567 758 597 806 et
606 752 725 804 reddere
735 749 838 802 noemi

86 825 136 877 410
144 821 259 872 Talibus
268 821 390 884 incusat,
401 818 584 889 gressumque
594 820 629 872 ad
640 822 753 872 moenia
762 819 840 872 tendi

143 892 181 942 At
190 888 283 940 Venus
295 889 414 940 obscuro
424 890 583 958 gradientes
594 892 660 942 aere
670 889 767 955 sepsit,
827 902 830 908 ·

143 960 181 1010 Et
190 956 279 1010 multo
291 956 410 1011 nebulae
421 960 526 1010 circum
536 958 589 1011 dea
599 957 672 1009 fudit
682 958 796 1019 amictu,

144 1027 265 1078 Cernere
276 1041 311 1078 ne
322 1027 384 1095 quis
395 1041 457 1090 eos,
468 1043 523 1080 neu
533 1029 595 1095 quis
606 1027 770 1093 confingere
780 1039 842 1093 poss

139 1085 275 1147 Molirive
286 1110 406 1158 neuram,
418 1103 468 1148 aut
477 1090 606 1148 'veniendi
617 1108 732 1162 poscere
744 1109 842 1146 caussa

83 1167 134 1220 415
143 1164 207 1230 lpsa
218 1163 342 1229 Paphum
352 1164 478 1216 sublimis
489 1166 563 1228 abit,-
570 1166 706 1233 sedesque
716 1165 816 1217 revisit

143 1233 232 1284 Laeta
242 1247 318 1295 suas,
330 1233 377 1284 ubi
387 1234 523 1301 templum
533 1235 589 1297 illi,
601 1241 768 1301 centumque
778 1231 842 1284 Sabe

143 1304 219 1353 Ture
230 1300 323 1352 calent
332 1317 412 1364 arae,
423 1298 560 1372 sertisque
571 1302 730 1354 recentibus
741 1300 842 1352 balant

179 1371 347 1437 Corripuere
357 1373 429 1422 viam
439 1373 560 1434 interea,
571 1387 627 1440 qua
637 1372 737 1422 semita
748 1375 842 1420 munst

142 1440 256 1506 lamque
267 1438 472 1492 adscendebant
483 1440 597 1503 collem,
608 1441 654 1507 qui
667 1440 804 1507 plurimus
815 1454 842 1489 ur

82 1514 134 1572 420
143 1508 284 1575 Imminet,
295 1508 480 1577 adversasque
492 1510 635 1577 adspectat
646 1509 766 1575 desuper
776 1521 842 1559 arce

144 1577 265 1628 Miratur
275 1576 377 1630 molem
388 1582 509 1641 Aeneas,
520 1578 642 1646 lnagalia
653 1577 803 1645 quondam,

118 1650 120 1654 '
142 1645 264 1699 Miratur
274 1653 381 1712 portas,
390 1649 602 1715 strepitumque,
614 1652 643 1698 et
652 1651 742 1700 strata
752 1647 842 1696 uiarur

141 1715 252 1766 lnstant
262 1714 392 1767 ardentes
403 1718 496 1783 Tyrii:
513 1731 578 1783 pars
590 1717 692 1767 ducere
703 1729 809 1777 muros,

142 1782 295 1849 Molirique
306 1797 412 1844 arcem,
424 1791 453 1833 et
463 1786 590 1836 manibus
599 1784 765 1837 subvolvere
776 1797 842 1834 saxa

82 1855 133 1913 tab
143 1849 212 1902 Pars
222 1856 320 1916 optare
331 1850 424 1900 locum
433 1856 522 1911 tecto,
534 1859 563 1901 et
573 1853 741 1904 concludere
751 1853 842 1903 sulco

141 1919 447 1984 luramagistratusque
457 1917 564 1984 legunt,
574 1926 843 1988 sanctumquesenat

92 2038 99 2052 ,
141 1987 197 2040 llio
207 1991 307 2052 portus
318 1984 366 2035 alii
377 1984 529 2050 effodiunt3
545 1986 590 2040 hic
602 1989 661 2040 alta
671 1988 775 2041 theatri
809 2014 815 2023 ,

141 2055 336 2107 Fundamenta
345 2052 441 2105 locant
450 2055 512 2116 alii,
523 2058 713 2126 immanesque
724 2059 842 2110 columns

141 2123 267 2189 Rupibus
278 2121 422 2186 excidunt,
433 2125 524 2176 scenis
534 2124 637 2177 deeora
648 2128 706 2178 alta
717 2127 834 2179 futuris:

81 2197 133 2249 450
143 2191 240 2254 Qualis
249 2205 317 2258 apes
328 2197 435 2245 aestate
446 2207 518 2245 nora
528 2209 578 2260 per
588 2194 677 2248 tlorea
687 2212 756 2248 rura
838 2192 841 2199 '

141 2263 263 2314 Exercet
272 2255 324 2312 sub
334 2261 395 2315 sole
405 2261 498 2325 labor,
515 2279 600 2331 quum
610 2266 702 2333 gentis
713 2266 827 2318 adultos

140 2329 272 2382 Educunt
282 2329 367 2393 fetus,
377 2337 428 2382 aut
437 2348 522 2399 quum
534 2333 669 2400 liquentia
679 2334 765 2386 mella

140 2396 265 2465 Stipant,
277 2404 306 2451 et
315 2399 391 2451 dulei
403 2401 565 2453 distendunt
575 2404 797 2467 nectarccellas,

140 2470 197 2520 Aut
207 2482 293 2520 onera
302 2470 443 2536 accipiunt
452 2472 624 2534 venientum,
635 2477 686 2523 aut
696 2477 808 2540 agurine
819 2475 842 2526 sa

80 2539 131 2594 455
141 2538 288 2605 Ignarum,
299 2536 390 2600 tucos,
402 2555 487 2607 pecus
497 2556 514 2592 a
524 2543 705 2609 praesepibus
715 2550 829 2608 arcent;

130 2607 240 2663 Fervet
250 2623 332 2678 opus,
341 2608 530 2680 redolentque
539 2609 639 2678 tbymo
647 2611 842 2676 tinguentium

126 2678 154 2731 0
162 2677 330 2751 fortunati,
342 2697 471 2757 quorum
480 2681 542 2735 iam
548 2679 809 2743 mnenxasurquntl
