1882 3052
189 132 199 140 ”
228 149 637 207 nequamneuam
778 156 813 208 u

92 254 155 306 lunt
166 253 231 317 ulii,
242 269 311 322 quos
322 256 382 321 ipse
392 256 437 306 ria
446 257 498 307 sibi
508 258 614 322 reperit
623 271 697 308 usus.

92 323 226 391 :plantas
235 329 334 376 tenero
343 325 488 376 abscidens
500 325 534 376 de
545 341 662 392 corpore
673 330 792 378 matrum

92 395 188 459 posuit
197 393 297 457 sulcis3
312 392 469 460 hiestirpes
481 396 575 445 obruit
586 410 660 457 arro,

92 462 283 531 adrifidasque
293 463 390 526 sudes,
401 469 429 515 et
439 468 521 514 acuto
532 464 632 516 robore
643 462 745 527 valles3
822 468 852 520 25

92 547 243 598 rarumque
255 531 327 584 aliae
337 547 449 599 presses
459 534 620 600 propaginis
631 548 712 584 arcus

92 608 232 668 spectant,
245 606 274 654 et
283 604 345 652 viva
354 616 405 652 sua
415 601 556 669 plantaria
565 607 651 654 terra.

99 672 208 722 radicis
218 675 303 737 egent
314 670 399 734 aliae3
413 685 606 738 summumque
616 674 730 737 putator

92 741 127 791 ud
139 741 255 792 dubitat
264 745 358 793 terrae
367 740 494 792 reserens
505 741 638 792 mandare
649 756 793 801 cacumen,

92 812 115 860 in
127 816 159 861 et
171 809 333 860 caudicibus
344 812 439 872 sectis,
451 809 578 861 mirabile
588 809 677 863 dictu!
818 810 851 859 30

92 880 185 930 editur
195 894 212 930 e
221 880 297 930 sicco
307 879 388 930 radix
399 880 529 947 oleagina
537 879 622 946 ligno.

92 963 175 1014 saepe
186 947 304 998 alterius
315 962 407 999 rames
416 951 529 1014 impune
540 949 665 1000 ridemus

92 1025 160 1069 tere
172 1018 202 1067 in
214 1017 344 1080 alterius3
363 1023 553 1085 mutatamque
564 1020 649 1068 insita
658 1019 733 1069 mala

92 1103 128 1139 re
139 1089 250 1154 pirum,
260 1091 290 1137 et
299 1088 395 1153 prunis
407 1088 535 1154 lapidosa
545 1089 693 1139 rubescere
704 1103 797 1139 corna.

92 1165 175 1219 quare
187 1157 264 1223 agite
270 1171 295 1217 0,
306 1157 699 1223 propriosgeneratimdiscite
705 1157 806 1218 cultus,
816 1153 849 1204 55

92 1226 205 1289 icolae,
218 1224 382 1292 fructusque
393 1225 467 1276 feres
478 1225 586 1277 mellite
596 1226 727 1287 colend03

92 1312 100 1347 ι
111 1310 217 1364 segnes
228 1297 338 1346 iaceant
350 1299 451 1346 terrae.
472 1295 551 1346 lurat
561 1295 667 1346 lsmara
678 1293 788 1346 Baccho

92 1379 210 1426 cerere,
220 1364 373 1431 atqueolea
384 1379 514 1430 magnum
525 1365 805 1416 restireTaburnum.

92 1433 236 1502 mezades,
248 1435 442 1500 inceptumque
454 1447 510 1483 una
520 1433 638 1484 decurre
651 1432 783 1494 laborem,

92 1519 177 1566 ecus,
190 1518 206 1554 o
218 1502 311 1554 famae
321 1503 422 1553 merite
433 1517 497 1568 pars
508 1504 630 1552 maxima
639 1508 761 1563 nestrae,
816 1496 848 1544 40

92 1588 209 1635 scenas,
221 1572 376 1639 pelagoque
385 1570 480 1622 velens
492 1571 527 1622 da
537 1570 600 1622 vela
609 1574 724 1637 patenti.

92 1660 100 1694 ι
112 1657 168 1711 ego
180 1646 284 1693 cuncta
293 1643 362 1693 meis
373 1640 502 1706 amplecti
513 1640 638 1691 versibus
649 1647 728 1707 opto:

92 1730 115 1776 l,
123 1710 196 1763 mihi
208 1712 232 1762 si
244 1711 355 1778 linguae
367 1716 478 1762 centum
489 1712 557 1771 sint,
569 1724 675 1776 oraque
685 1714 805 1771 centum,

92 1797 145 1834 ‘rea
154 1795 222 1832 von.
244 1780 332 1844 Ades,
343 1781 463 1846 etprimi
474 1779 535 1847 lege
546 1779 637 1830 literis
648 1794 734 1831 oram.

92 1852 214 1903 nauibus
225 1854 327 1902 terrae.
346 1849 407 1902 Non
417 1848 463 1900 hic
474 1856 503 1900 te
514 1851 637 1900 carmine
648 1851 712 1900 licto
815 1837 848 1890 45

92 1937 128 1973 ue
136 1936 194 1988 per
203 1919 336 1987 ambages
346 1925 375 1970 et
385 1918 468 1987 longa
480 1934 580 1970 exorsa
590 1920 699 1970 tenebo.

92 1997 185 2058 pente
197 2003 250 2039 sua
260 2004 330 2055 quae
341 2005 371 2040 sc
382 1989 485 2039 tollunt
495 1991 523 2038 in
535 1989 648 2039 luminis
657 2003 730 2048 oras,

92 2060 203 2112 eeuuda
211 2059 337 2126 quidem,
348 2059 397 2110 sed
407 2059 482 2110 laeta
492 2063 520 2109 et
532 2058 617 2109 fortia
626 2061 757 2123 surgunt3

92 2142 146 2197 ppe
158 2128 225 2180 selo
238 2132 339 2178 natura
349 2128 451 2179 subest.
472 2129 577 2178 Tamen
589 2126 657 2177 haec
669 2141 778 2193 queque

421 2224 425 2229 ·
461 2212 557 2263 srqurs

92 2271 161 2331 erat,
172 2272 226 2318 aut
235 2266 380 2318 scrobibus
391 2266 505 2317 mandet
514 2270 623 2316 mutata
632 2267 763 2327 subactis,
816 2265 848 2315 ὅσ

92 2339 178 2392 ierint
188 2339 346 2391 silvestrem
357 2337 493 2398 animum3
509 2334 643 2400 cultuque
655 2333 793 2400 frequenti

93 2421 266 2477 uascunque
274 2421 356 2458 voces
367 2411 442 2456 artes
452 2404 525 2455 haud
537 2403 619 2455 tarda
630 2409 789 2470 sequentur.

92 2471 163 2530 >non
175 2484 209 2530 et
218 2476 336 2538 sterilis,
347 2491 418 2543 quae
429 2475 561 2541 stirpibus
572 2475 630 2525 exit
641 2473 675 2522 ab
684 2475 755 2535 imis,

92 2567 96 2601 ι
107 2546 214 2610 faciet,
221 2560 327 2598 vacuos
337 2547 360 2595 si
371 2547 409 2595 sit
417 2544 524 2612 digesta
533 2559 586 2613 per
595 2558 694 2616 agnes:

92 2615 329 2670 »conuertenda
337 2615 447 2666 etramr‘
456 2619 561 2671 matris
573 2627 715 2688 opacant,
832 2617 870 2673 bb

92 2683 227 2747 censique
236 2679 461 2754 adimuntfetru,
477 2700 632 2767 uruntque
644 2691 812 2750 ferentem.
