1882 3052
168 187 219 241 loo
322 187 354 239 P.
372 185 553 239 VlRGlLll
576 182 762 263 Maeonis

166 291 323 358 Harpyiae,
334 295 363 344 et
372 291 478 358 magnis
490 290 619 356 quatiunt
628 288 806 357 clangoribus
816 287 872 338 alas

164 357 363 430 Diripiuntque
374 362 471 426 dapes,
482 364 667 425 contactuque
678 360 771 410 omnia
783 356 872 408 foeda¹

165 430 324 494 immundo;
337 435 397 480 tum
407 442 460 478 vox
470 432 574 478 tetrum
584 428 646 479 dira
655 429 729 479 inter
738 426 865 479 odorem.

165 498 285 550 Rursum
296 499 325 548 iu
335 512 445 549 secessu
456 496 540 562 longo
551 498 601 565 sul)
613 513 681 563 rupe
691 501 799 559 cavata,

107 573 158 623 230
166 568 317 619 Arboribus
328 566 529 618 clausicircum
540 571 623 632 atque
629 564 808 616 horrentibus
814 564 872 615 uml

119 645 125 649 ’
165 636 332 691 instruimus
343 649 465 696 mensas,
476 635 587 701 arisque
598 637 758 700 reponimus
768 637 871 701 ignem.

165 706 287 755 Rursum
297 718 331 754 ex
342 703 449 754 diverso
461 702 534 754 coeli
545 706 689 770 caecisque
700 704 818 755 latebris

166 773 263 827 Turba
273 786 375 822 sonans
387 771 517 837 praedam
529 772 872 837 pedibuscircumvolatun

166 841 272 892 Polluit
283 855 331 892 ore
343 841 437 906 dapes.
458 840 546 892 Sociis
557 847 636 904 tunc,
648 857 727 893 arma
737 855 872 907 capessan

34 948 43 955 .
107 907 157 960 255
166 909 265 970 Edico,
277 914 307 961 et
316 910 378 962 dira
387 910 490 961 bellum
502 927 564 961 eum
575 916 658 977 gente
668 911 835 978 gerendum:

149 1007 153 1018 ι
166 979 251 1029 Haud
260 994 340 1030 secus
351 994 384 1030 ac
393 981 461 1029 iussi
473 978 591 1042 faciunt3
604 986 746 1047 tectosque
757 977 872 1044 perherl

167 1046 329 1113 Disponunt
339 1063 433 1110 enses,
443 1053 472 1098 et
480 1055 560 1098 scuta
570 1048 687 1100 latentia
698 1048 831 1100 condunt.

165 1118 256 1183 Erg0‚
266 1118 313 1166 ubi
325 1117 455 1182 delapsae
465 1119 585 1167 sonitum
598 1133 647 1182 per
659 1133 744 1168 curva
753 1117 858 1169 dedere

166 1185 278 1246 Litora,
288 1185 336 1234 dat
345 1187 453 1252 signum
464 1187 577 1250 specula
588 1187 712 1238 Misenus
723 1188 758 1237 ab
768 1185 828 1236 alta

108 1252 157 1304 240
166 1255 237 1304 Aere
248 1268 325 1304 cavo.
337 1254 475 1304 invadunt
484 1257 561 1315 socii,
572 1261 600 1306 et
610 1270 681 1305 nova
690 1255 799 1320 proelia
809 1257 870 1306 tent

114 1348 119 1359 ·
167 1323 307 1375 Obscenos
316 1323 408 1389 pelagi
420 1321 496 1373 ferro
507 1323 620 1375 foedare
632 1325 768 1374 volueres.

167 1391 223 1442 Sed
234 1407 323 1458 neque
334 1394 388 1440 vim
400 1392 501 1457 plumis
510 1393 610 1454 ullam,
622 1408 672 1444 nec
683 1393 802 1443 vulnera
813 1398 872 1458 terg

167 1462 326 1526 Accipiunt,
338 1460 476 1526 celerique
488 1460 553 1528 fuga
564 1462 614 1512 sub
624 1463 716 1512 sidera
726 1461 824 1526 lapsae

119 1579 122 1583 .
168 1529 310 1580 Semesem
321 1530 453 1596 praedam
465 1535 492 1580 et
504 1532 619 1597 vestigio
630 1530 712 1581 foeda
724 1531 872 1598 relinquun

107 1594 158 1645 245
168 1597 229 1648 Vno
239 1600 267 1647 in
278 1599 423 1663 praecelso
433 1600 557 1650 consedit
567 1614 635 1664 rupe
648 1599 777 1661 Celaeno,

168 1666 269 1718 Infelix
279 1674 368 1729 vates,
379 1669 537 1734 rumpitque
549 1668 619 1719 hanc
630 1674 744 1733 pectore
754 1683 864 1718 vocem:

166 1735 278 1786 Bellum
290 1737 372 1786 etiam
384 1752 434 1801 pro
445 1737 528 1787 caede
539 1739 620 1787 boum
631 1739 782 1802 stratisque
798 1740 872 1788 iuver

166 1803 434 1866 Laomedontiadas,
447 1806 585 1856 bellumne
595 1805 699 1856 inferre
710 1807 827 1870 paratis,

166 1873 204 1924 Et
213 1876 303 1936 patrio
315 1873 456 1937 Harpyias
466 1875 590 1924 insontes
601 1874 706 1939 pellere
717 1874 823 1940 regno?

108 1930 159 1986 250
168 1940 290 2005 Accipite
301 1954 379 2004 ergo,
391 1943 489 1990 areimis
500 1948 582 2008 atque
592 1942 660 1994 haec
670 1959 732 1993 mea
741 1945 819 2009 ligite
831 1943 872 1993 dic

168 2008 246 2069 Quae
257 2006 368 2058 Phoebo
379 2014 458 2073 peter
469 2013 655 2077 omnipotens,
667 2011 734 2062 mihi
746 2011 872 2064 Phoebus

580 2081 693 2133 Aollo'

166 2144 322 2206 Praedixit,
333 2144 409 2195 vobis
420 2144 567 2198 Furiarum
579 2097 630 2216 egpo
642 2153 763 2200 maxima
775 2151 866 2217 pando

165 2214 276 2264 ltaliam
286 2229 369 2273 cutsu
380 2217 487 2280 pctitis3
502 2220 645 2286 ventisque
655 2221 760 2270 vocatis

166 2282 243 2332 Ibitis
253 2282 375 2344 ltaliam,
386 2290 539 2351 portusque
550 2288 655 2338 intrare
666 2288 775 2350 licebit3

107 2341 156 2396 255
166 2349 221 2402 Sed
231 2366 286 2402 non
297 2356 361 2402 ante
372 2353 465 2403 datam
476 2357 592 2422 cingetis
603 2359 747 2409 moenibus
757 2357 865 2417 urbem,

165 2421 256 2482 Quum
266 2434 314 2470 vos
326 2421 387 2471 dira
398 2420 485 2473 fames
495 2431 661 2492 nostraeque
672 2428 776 2478 iniuria
786 2425 872 2478 caedis

165 2490 296 2541 Amhesas
305 2490 416 2556 subigat
426 2491 506 2542 malis
518 2495 662 2547 absumere
673 2511 791 2547 mensas.

162 2557 259 2624 Dixit3
274 2560 339 2612 etin
349 2559 447 2610 silvam
459 2565 555 2626 pennis
567 2565 661 2615 ablata
671 2564 786 2632 refugit.

59 2635 67 2641 '
154 2631 195 2682 At
202 2632 290 2686 sociis
301 2632 399 2686 subita
410 2631 522 2704 gelidus
530 2630 681 2685 lenitudine
689 2637 802 2698 sanguis

5 2710 21 2749 ;·
78 2695 308 2780 260Del'1'guit3
326 2706 461 2768 cecidere
472 2701 872 2772 animi,neeismsmptiuss
