1882 3052
127 170 178 224 no
286 164 317 220 r.
335 164 516 220 vincinu
537 140 725 219 nnno'ms

125 273 188 326 Huc
199 285 230 325 ae
240 271 364 340 provecti
373 270 485 323 deserto
494 270 524 320 in
533 267 618 321 litore
628 266 762 320 condunt

83 337 116 391 25
125 342 184 394 Nos
193 342 294 394 abiisse
304 343 411 404 rati,et
420 345 503 391 vento
513 338 626 406 petiisse
634 338 779 403 Mycenas

124 413 202 478 Ergo
213 411 301 462 omnis
312 410 396 476 longo
406 408 489 459 solvit
498 422 528 459 se
538 409 658 459 Teucria
667 406 757 456 luctu.

124 479 290 532 Panduntur
298 484 411 545 portee;
424 479 501 527 iuvat
510 477 566 540 ire,
575 482 604 528 et
612 477 717 528 Dorica
727 475 821 524 castra

124 547 316 615 Desertosque
325 547 419 597 ridere
430 546 507 597 locos
517 545 638 613 litusque
648 544 788 596 relictum.

124 615 325 683 HieDolopum
335 613 492 677 manus,hic
503 629 601 666 saevus
611 607 856 666 tendebatdchille

82 681 117 734 oo
127 684 267 737 classibus
277 683 322 735 bie
331 684 422 746 locus,
433 681 479 734 hic
489 684 548 754 acie
560 688 668 735 certare
678 680 817 732 solebant.

125 753 194 806 Pars
203 757 297 819 stupet
305 754 438 819 innuptae
450 753 553 803 donum
563 750 676 803 exitiale
686 751 840 811 Minervae,

124 823 161 873 ut
169 823 273 874 molem
283 824 421 873 mirantur
430 823 506 888 equi:
522 823 682 887 primusque
692 818 856 886 Thymoeta

123 890 197 942 Duci
206 892 281 941 intra
290 906 384 942 muros
395 889 536 953 hortatur,
543 896 575 942 et
584 905 649 941 arce
659 889 757 950 locari,

125 957 189 1011 Sive
199 959 277 1022 dolo,
287 975 336 1011 seu
345 962 400 1010 iam
411 961 513 1011 Troiae
524 961 564 1010 sic
574 958 633 1010 fata
643 957 779 1010 ferebant.

82 1026 116 1078 55
125 1032 161 1081 At
170 1029 273 1094 Capys,
284 1035 313 1080 et
322 1042 440 1096 quorum
450 1029 550 1080 melior
559 1029 698 1080 sententia
710 1026 807 1089 menti,

124 1100 180 1149 Aut
189 1098 289 1164 pelago
298 1098 427 1148 Danaum
437 1099 552 1149 insidias
562 1102 745 1164 suspectaque
756 1096 833 1146 dona

124 1165 316 1232 Praecipitare
325 1169 433 1229 iubent,
443 1168 628 1233 subiectisque
638 1181 720 1217 urere
730 1164 856 1227 flammis

124 1239 180 1288 Aut
189 1235 333 1287 terebrare
344 1250 424 1286 cavas
434 1238 508 1287 uteri
518 1241 547 1287 et
556 1239 666 1287 tentare
677 1234 811 1285 latebras.

126 1304 268 1356 Scinditur
277 1305 414 1356 incertum
425 1305 518 1357 studia
527 1305 556 1354 in
567 1305 710 1355 contraria
718 1302 828 1370 vulgus.

83 1367 118 1419 4⁰
161 1373 856 1440 Primusibianteornnes‚magnacomitantecaterr

124 1441 258 1493 Laocoon
269 1443 369 1495 ardens
379 1457 487 1492 summa
496 1443 621 1494 decurrit
630 1444 664 1494 ab
675 1446 753 1505 arce3

125 1511 162 1561 Et
173 1511 282 1577 proculr
298 1526 314 1562 o
325 1513 433 1573 miseri,
444 1526 514 1579 quae
524 1516 604 1562 tanta
613 1513 735 1572 insania,
746 1507 837 1564 cives!

127 1580 247 1631 Creditis
258 1586 368 1631 avectos
379 1579 491 1631 hostesl
505 1586 555 1631 aut
564 1579 623 1631 ulla
632 1582 736 1646 putatis

40 1651 45 1656 “
125 1647 209 1698 Dona
219 1662 315 1699 carere
326 1648 397 1698 dolis
407 1647 553 1699 Danadmi
566 1650 697 1699 sicnotus
707 1647 827 1701 Vlixes!

83 1706 117 1760 45
126 1719 181 1768 Aut
191 1715 244 1768 hoe
253 1717 352 1767 inclusi
363 1716 438 1783 ligno
450 1716 628 1784 occultantur
637 1716 741 1780 Achivi,

126 1788 182 1837 Aut
192 1784 261 1836 baec
270 1786 299 1835 in
310 1790 420 1836 nostros
431 1784 567 1836 fabricata
578 1791 620 1837 est
630 1785 758 1837 machina
768 1800 856 1838 muros

125 1855 290 1918 inspectura
299 1853 408 1914 donnes,
420 1858 591 1922 venturaque
601 1855 720 1922 desuper
730 1857 804 1920 urbi,

126 1924 182 1975 Aut
191 1921 291 1986 aliquis
303 1921 373 1971 latet
383 1936 470 1971 error.
490 1925 570 1989 Equo
580 1938 616 1975 nc
626 1925 744 1987 credite,
755 1925 856 1977 Teucri

128 1988 268 2056 Quidquid
278 1989 306 2039 id
317 1992 371 2051 est,
380 1990 466 2040 timeo
476 1991 590 2043 Danaos
601 1999 629 2044 et
639 1994 712 2044 dona
723 1994 856 2047 ferentes.

85 2047 119 2099 5⁰
129 2058 174 2109 Sic
184 2056 269 2118 fatus,
280 2056 379 2107 validis
389 2059 528 2125 ingentem
539 2063 643 2113 viribus
653 2061 762 2114 hastam

127 2127 158 2178 ln
169 2126 243 2176 latus
253 2127 336 2192 inque
347 2124 399 2177 seri
410 2144 522 2180 curvam
533 2134 711 2200 compagibus
723 2133 817 2184 alvum

45 2205 51 2213 ·
129 2196 278 2247 Contorsit.
299 2193 384 2246 Stetit
393 2197 443 2248 illa
453 2204 587 2264 tremens,
598 2204 735 2271 uteroque
745 2215 856 2255 recusso

126 2265 278 2314 insonuere
289 2279 371 2317 cavae
382 2269 572 2337 gemitumque
582 2270 684 2322 dedere
696 2286 842 2326 cavernae.

125 2333 174 2395 Et,
184 2333 207 2382 si
219 2330 383 2398 sotadeum,
395 2339 418 2386 si
428 2353 505 2389 mens
516 2353 572 2389 non
582 2339 661 2390 lae-va
672 2340 781 2403 fuisset,

83 2387 116 2444 55
125 2402 279 2468 Impulerat
288 2401 363 2456 ferro
373 2407 517 2474 Argolicas
527 2406 641 2461 foedare
652 2408 789 2473 latebras3

125 2472 266 2540 Troiaque
276 2488 350 2524 nunc
358 2480 456 2536 stares,
462 2475 621 2544 Priamique
632 2480 856 2532 arxaltamanert

160 2541 353 2606 arcemanus
362 2545 490 2596 iuvenem
499 2546 608 2598 interea
616 2553 680 2612 post
689 2553 771 2617 terga
780 2564 824 2601 re·

538 2616 661 2667 vinctum

27 2731 30 2733 Α
56 2695 62 2703 ’
126 2677 256 2735 Pastores
267 2693 368 2750 magno
378 2681 413 2735 ad
424 2694 519 2751 regern
531 2684 654 2737 clamore
663 2685 815 2741 trahebant
