1882 3052
37 146 45 155 ‘
138 139 192 195 390
294 138 324 191 Ρ.
343 136 530 193 VlllGlLll
552 131 745 190 metronis

139 241 289 296 Perlidiam
298 240 468 293 lamentandi
481 239 569 302 aiala,
579 238 685 305 perlida
694 237 776 288 multi

107 356 110 361 .
140 314 231 374 Quam
243 313 446 362 comitabantur
457 309 555 361 fatalia
566 308 776 379 ear·minaquerr

140 382 266 442 Quercus
277 386 343 432 unte
353 380 448 441 datae,
458 379 567 430 Cereris
577 391 659 444 quam
670 377 776 427 semina

140 449 207 500 Illas
217 448 381 514 Triptolemi
394 446 509 498 mutarit
518 446 611 497 sulcus
622 445 726 496 aristis.

9 518 13 525 ⁴
31 520 35 525 '
84 518 131 570 235
142 518 208 579 llio,
218 531 348 584 niagnum
358 518 468 583 Argoae
479 517 540 567 nari
551 515 649 575 denus,
661 513 776 580 editapi

141 585 275 636 Procerus
287 586 401 637 decorat
410 584 493 635 silvas
504 582 612 634 hirsuta
620 597 670 648 per
680 588 769 633 artus.

140 654 255 719 Appetit
264 655 354 705 sireis
364 655 526 721 contingere
535 653 676 703 montibus
687 656 764 701 astra

139 722 214 774 llicis
224 727 253 772 et
263 723 359 788 nigrae
369 724 486 789 species,
495 726 524 773 et
534 720 609 772 laeta
619 735 769 786 cupressus

139 790 166 842 V
168 790 349 856 mbrosaeque
360 796 473 843 nranent
483 789 576 857 sagus,
587 789 744 856 ederaeque
755 789 775 838 li

84 856 272 922 stollraehia,
283 858 423 911 fraternos
433 858 546 927 plangat
556 873 591 911 ne
599 857 717 925 pupulus
727 859 776 909 ictr

139 927 274 994 lpsaeque
285 928 424 980 excedunt
433 928 468 979 ad
477 942 588 978 summa·
595 926 740 978 eacumina
751 926 776 978 le

141 994 316 1064 Pinguntque
326 995 457 1048 aureolos
467 996 548 1048 viridi
560 995 667 1061 pallore
678 1010 776 1062 eorym

141 1064 211 1126 Quis
221 1063 319 1115 aderat
328 1066 429 1117 veteris
439 1070 548 1131 myrtus
559 1079 615 1115 non
625 1065 720 1116 neuma
728 1063 776 1115 fati

142 1133 177 1182 nt
187 1131 312 1185 volucres
322 1132 425 1198 patulis
434 1134 590 1184 residentes
599 1132 696 1184 dulcia
705 1135 777 1185 ratiti

83 1199 131 1254 245
142 1200 271 1252 Carmina
280 1202 526 1267 perrariosed'unt
535 1202 702 1254 resonantia
707 1207 776 1253 canti

140 1269 193 1320 llis
203 1271 316 1321 suberat
325 1269 425 1338 gelidis
435 1285 576 1323 nronanse
587 1269 711 1322 lontibus
720 1271 776 1322 und

141 1339 219 1399 Quae
229 1337 335 1390 levibus
345 1338 483 1409 placidum
496 1341 560 1390 rivis
570 1344 653 1392 sonat
662 1345 726 1392 urta
736 1340 776 1406 liq

141 1407 191 1469 Et,
201 1422 368 1474 quamquam
378 1410 598 1475 geminssarium
603 1423 658 1461 vox
664 1409 776 1474 obstrep

142 1475 223 1526 Hanc
232 1476 365 1543 querulae
376 1476 502 1529 referunt
510 1491 603 1540 voees,
615 1482 678 1545 quis
688 1479 776 1528 nantia

84 1545 132 1597 150
141 1543 265 1610 Corpora
275 1543 390 1611 lympha
401 1545 483 1597 soret.
504 1544 618 1597 Sonitus
629 1546 681 1597 alit
691 1547 766 1597 atris

139 1613 251 1680 Argutis
261 1618 291 1666 et
300 1619 399 1665 cuncta
409 1612 530 1664 fremunt
540 1615 641 1665 ardore
651 1615 765 1667 cicadis.

138 1684 174 1732 nt
184 1682 258 1734 circa
267 1684 369 1748 passim
380 1681 600 1734 fessaecubuere
611 1683 750 1748 capellae,

139 1751 319 1818 Excelsisque
329 1766 412 1817 super
423 1751 525 1802 dumis:
541 1765 610 1817 quos
620 1751 722 1803 leniter
732 1751 776 1803 udi

138 1819 214 1870 Aura
222 1822 393 1871 susurrantis
405 1821 493 1886 possit
503 1819 674 1872 confundere
684 1823 771 1871 venti.

83 1885 129 1936 155
172 1887 283 1950 Pastor,
293 1895 325 1940 ut
334 1889 370 1940 ad
381 1888 486 1941 fontem
497 1889 583 1940 densa
592 1890 733 1956 requievit
744 1891 771 1940 in

138 1955 237 2005 Mitem
248 1959 375 2023 concepit
384 1959 523 2022 proiectus
533 1959 656 2010 membra
667 1973 776 2025 soporer

137 2024 241 2073 Anxius
251 2025 360 2076 insidiis
370 2027 466 2077 nullis:
483 2027 531 2077 sed
542 2027 634 2078 lentus
644 2028 673 2076 in
684 2026 776 2079 herbis

139 2090 242 2143 Securo
256 2107 365 2156 pressos
375 2109 472 2146 sonmo
484 2096 663 2147 niandaverat
674 2101 768 2148 artus:

138 2159 248 2210 Stratus
260 2159 335 2212 humi
347 2162 455 2214 dulcem
467 2165 594 2229 capiebat
605 2165 689 2216 eorde
701 2168 776 2233 quiet

83 2236 128 2286 ilio
138 2228 174 2280 Ni
184 2227 240 2279 sors
251 2230 373 2282 incertos
383 2233 508 2283 iussisset
518 2233 618 2288 ducere
629 2249 717 2285 casus.

137 2297 210 2351 Nam
218 2299 330 2350 solitum
342 2299 454 2351 volvens
464 2301 500 2352 ad
510 2307 618 2368 tempus
630 2305 768 2354 tractibus

137 2368 267 2418 Immanis
277 2370 354 2420 rario
364 2369 520 2421 maculatus
530 2387 647 2437 corpore
658 2388 776 2439 serpeus,

137 2437 247 2488 Mersus
257 2443 288 2489 ut
298 2439 326 2489 in
335 2438 402 2490 limo
413 2453 513 2506 magno
523 2441 681 2493 subsideret
691 2448 776 2505 aestu

137 2506 225 2557 Obvia
234 2507 353 2558 vibranti
364 2523 480 2574 carpens
490 2512 582 2575 gravis
592 2513 659 2561 aera
670 2511 776 2578 lingua,

83 2579 125 2630 165
137 2574 304 2641 Squamusos
314 2577 372 2630 late
382 2578 531 2645 torquebat
543 2580 663 2630 motibus
674 2582 765 2632 orbes.

136 2644 286 2698 'l'ollebant
295 2661 380 2710 aurae
390 2648 524 2700 renieutis
534 2649 570 2701 ad
581 2649 674 2701 omnia
683 2652 770 2701 risus.
