1882 3052
279 108 501 162 autumnos
523 109 604 162 ΜΒ.
623 111 658 162 X.
800 112 851 165 311)

92 199 267 280 liquentem
279 216 390 273 terras,
401 217 430 262 ct
440 213 533 264 sidera
542 228 612 265 voce
621 221 792 283 sequentem.

92 274 169 342 lilius,
180 280 335 351 aequales
345 282 496 332 comitatus
507 282 595 334 classe
606 290 739 347 catervas,

92 356 218 418 igentem
230 350 329 401 remis
340 350 511 401 Centaurum
522 358 680 416 promovet3
696 352 746 404 ille
864 354 909 422 195

92 425 152 471 stat
163 433 281 487 aquae,
293 433 450 487 saxumque
459 420 542 472 undis
552 423 673 473 immane
683 423 808 472 minator

92 489 193 552 ·duus‚
205 496 242 539 et
253 487 344 554 longa
353 488 444 539 sulcat
454 491 543 540 maria
552 490 611 541 alta
621 492 729 547 carina,

92 558 148 611 llle
162 558 265 608 etiam
277 558 380 622 patriis
391 572 489 624 agmen
501 561 557 611 ciet
567 561 661 611 Ocnus
670 561 705 611 ab
716 560 782 620 oris,

92 627 219 678 itidicae
232 626 358 676 Mantus
367 631 397 676 et
407 628 490 678 'l'usci
502 629 576 678 lilius
586 630 684 691 amnis,

92 698 114 747 ri
124 708 241 746 muros
251 695 410 761 matrisque
421 696 499 746 dedit
508 698 572 760 tibi,
583 698 714 760 Mantua,
724 711 835 755 nomon,
861 713 908 749 200

92 770 199 825 antua,
212 763 300 814 dives
311 764 382 812 am's:
392 765 441 814 sed
451 778 507 815 non
518 781 606 835 genus
616 768 744 817 omnibus
755 780 849 815 unum.

92 849 140 886 ens
152 833 202 883 illi
215 829 343 897 triplex,
354 833 451 898 populi
462 835 513 884 sub
525 839 608 900 genic
620 836 761 901 quaterni3

92 919 125 955 sa
135 905 240 968 caput
248 900 376 966 populis3
387 902 481 952 'l'usco
492 903 527 953 de
537 905 671 969 sanguine
681 905 762 954 vires.

91 975 138 1023 inc
149 985 281 1038 quoque
292 971 460 1036 quingentos
470 972 499 1019 in
511 985 541 1021 se
551 972 710 1022 Mezentius
720 975 818 1029 armat,

92 1057 144 1092 uos
156 1044 251 1107 patre
263 1038 377 1088 Benaco
387 1038 496 1089 velatus
507 1039 643 1090 arundine
653 1039 754 1105 glauca
859 1035 908 1087 205

92 1111 195 1162 incius
205 1106 319 1158 infesta
327 1106 448 1157 ducebat
456 1108 484 1156 in
496 1122 622 1176 aequora
632 1109 709 1173 pinu.

98 1180 203 1248 gravis
216 1176 367 1237 Aulestes,
379 1181 551 1243 centenaque
567 1178 667 1228 arbore
678 1175 780 1227 fluctus

92 1249 220 1300 erberat
227 1258 392 1310 assurgens:
404 1246 848 1309 spumantvadamarmoreverso.

92 1320 155 1369 unc
164 1313 252 1367 vehit
262 1314 393 1363 immanis
404 1314 505 1363 Triton
516 1319 546 1365 et
556 1314 670 1366 caerula
680 1311 787 1364 concha

92 1392 234 1438 xterrens
245 1381 332 1433 freta:
343 1383 389 1432 cui
399 1381 521 1432 laterum
531 1391 613 1434 tenus
624 1381 734 1449 hispida
744 1381 822 1432 nanti
859 1391 909 1427 210

93 1470 163 1506 rous
174 1452 325 1504 hominem
336 1450 475 1517 praefert,
485 1453 513 1500 in
525 1454 624 1516 pristin
634 1453 737 1503 desiuit
747 1450 839 1508 alvus3

92 1539 202 1590 pumea
212 1519 348 1572 semifero
360 1520 411 1569 sub
423 1524 536 1584 pectore
547 1527 703 1572 murmurat
713 1520 795 1572 unda.

92 1595 129 1643 'ot
138 1591 214 1644 lecti
225 1604 360 1656 proceres
370 1592 414 1638 ter
425 1588 503 1638 denis
513 1591 628 1641 navibus
639 1592 717 1640 ibant

93 1662 212 1713 obsidio
223 1660 343 1719 Troiae,
355 1663 384 1708 et
394 1671 506 1722 campos
517 1659 583 1710 salis
595 1674 660 1709 aere
672 1658 811 1710 secabant.
822 1681 823 1684 ¹

107 1732 231 1798 lamque
243 1727 303 1780 dies
314 1726 394 1778 coelo
405 1734 591 1790 concesserat,
601 1728 731 1794 almaque
742 1742 824 1778 curru
858 1721 905 1769 215

92 1798 235 1864 loctivago
247 1796 360 1847 Phoebe
370 1795 492 1846 medium
503 1797 633 1862 pulsabat
644 1797 793 1862 Olympum
805 1814 810 1845 :

92 1876 186 1921 leneas
196 1870 302 1933 (neque
313 1866 387 1917 enim
398 1865 530 1915 membris
542 1865 590 1915 dat
600 1880 667 1917 cura
676 1865 809 1932 quietem)

92 1953 135 2004 pse
147 1935 257 1988 sedens
268 1936 434 2000 clavumque
443 1935 517 2000 regit
528 1935 651 2001 velisque
662 1935 809 1984 ministrat.

92 2013 165 2076 itque
177 2004 225 2055 illi
236 2004 329 2054 medio
339 2005 368 2052 in
380 2004 469 2067 spatio
482 2002 595 2064 chorus,
606 2017 682 2065 ecce,
693 2018 805 2053 surarum

92 2075 211 2128 lecurrit
223 2069 371 2123 comitum:
381 2069 540 2137 Nymphae,
551 2086 619 2138 quas
631 2072 705 2122 alma
716 2072 827 2139 Cybebe
854 2082 903 2115 220

92 2144 186 2197 lumen
198 2140 305 2192 habere
316 2141 413 2201 maris,
425 2139 623 2208 Nymphasque
634 2157 649 2192 e
659 2142 773 2192 navibus
785 2155 844 2192 esse

92 2212 216 2272 usserat,
228 2210 365 2260 innabant
375 2210 493 2275 pariter,
503 2208 659 2276 fluctusque
668 2211 810 2271 secabunt,

92 2287 153 2346 luot
164 2281 247 2349 prius
257 2284 371 2330 aeratae
382 2283 521 2328 steterant
530 2280 566 2330 ad
577 2279 661 2330 litora
671 2293 780 2398 prorae.

92 2354 245 2422 ignoscunt
255 2348 340 2414 longe
350 2362 458 2413 regem,
469 2345 645 2415 lustrantque
655 2364 670 2399 c
691 2349 773 2398 oreis.

92 2434 221 2488 tomum,
233 2432 305 2483 quae
317 2416 393 2466 fandi
404 2417 576 2474 doctissima,
588 2417 764 2483 Cymodocea
853 2411 901 2461 2²5

92 2500 152 2544 'one
163 2502 287 2556 sequens
299 2486 397 2536 dextra
407 2487 517 2551 puppim
528 2491 606 2536 tenet
616 2488 728 2552 ipsaque
740 2482 822 2532 dorso

92 2565 206 2621 immet,
218 2572 252 2607 ae
264 2556 342 2607 laeva
352 2556 444 2604 tacitis
454 2553 625 2619 subremigat
635 2553 724 2604 undis.

92 2638 146 2678 ‘um
155 2621 511 2689 sicignarumalloquitur:
521 2621 759 2691 l'igilasne,‹ledni
766 2636 842 2689 gens¹
