1882 3052
104 122 322 182 sanemus
344 122 425 181 LlB.
443 122 492 180 Vl.
632 120 685 180 w

101 227 195 282 sdeatl
210 229 295 282 facies
306 245 377 299 quae
388 221 486 281 limina
495 227 604 281 servetl
694 232 743 305 575

102 303 132 349 ta
142 301 211 351 atris
221 301 350 350 immanis
360 298 481 350 hiatibus
491 299 592 364 Hydra

101 383 123 418 us
134 367 218 420 habet
228 369 331 431 sedem.
350 369 422 419 Tum
434 369 571 419 Tartarus
581 369 639 433 ipse

101 451 232 505 praeceps
237 439 496 504 tantumtenditque
506 437 684 499 subumbras,

107 506 264 559 aetherium
276 507 348 558 eoeli·
356 512 501 573 suspectus
510 506 670 574 Olympum.

104 578 232 644 ntiquum
244 578 363 638 Terrae,
374 577 488 626 Titania
498 576 593 643 pubes,
695 577 745 630 580

101 647 177 708 lecti,
189 644 275 697 lundo
286 645 435 696 volvuntur
445 647 473 695 in
483 647 552 697 imo:

102 715 144 766 las
154 716 294 782 geminos,
304 715 437 765 immania
445 715 505 765 vidi

102 786 123 835 ri
133 785 260 835 manibus
269 799 400 851 magnum
410 782 685 836 rescinderecoelum

101 855 240 921 sperisque
250 854 342 904 lovem
355 853 504 906 detrudere
513 855 614 920 regnis.

102 922 169 973 lelee
180 923 294 975 dantem
305 920 454 973 Salmonea
465 936 577 988 poenas,
696 920 746 976 585

102 1005 138 1040 ras
148 991 220 1041 loris
230 998 259 1041 et
268 993 375 1043 sonitus
384 994 512 1042 imitatur
523 991 643 1057 Olympi.

102 1076 111 1110 :
122 1062 247 1111 invectus
258 1061 349 1127 equis,
365 1067 394 1110 et
403 1061 534 1128 lanrpada
544 1072 687 1125 quassans,

102 1147 107 1179 ι
117 1129 236 1195 populos
247 1130 410 1195 mediaeque
421 1147 471 1196 per
480 1128 568 1181 Elidis
582 1128 688 1189 urbem,

109 1198 318 1266 divumquesibi
329 1198 460 1264 poscebat
470 1197 614 1259 honorem,

102 1269 122 1318 ri
133 1269 253 1330 nimbos,
263 1273 293 1319 et
302 1283 356 1318 non
366 1267 503 1320 imitabile
513 1265 618 1318 fulmen
699 1268 748 1336 590

102 1338 230 1405 bipedum
240 1336 322 1405 pulsu
333 1337 481 1388 simularet
491 1350 635 1403 equorum.

102 1409 242 1473 mipotens
253 1410 339 1457 densa
349 1407 422 1456 inter
432 1405 528 1457 nubila
537 1403 626 1456 telum

102 1492 155 1527 non
165 1476 214 1526 ille
225 1473 313 1537 iaces,
324 1490 375 1526 nec
386 1472 480 1527 fumea
489 1474 581 1526 taedis

102 1546 311 1611 raecipitemque
322 1545 434 1594 immani
445 1545 556 1595 turbine
566 1543 668 1608 adegit.

102 1617 210 1681 l'ity0n‚
221 1615 326 1664 'l'errae
333 1613 532 1678 omniparentis
539 1611 690 1672 alumnum,
700 1603 750 1674 595

102 1690 138 1746 st,
148 1698 199 1749 per
209 1687 270 1734 tota
280 1697 377 1733 novem
389 1683 433 1732 cui
443 1683 542 1748 iugera
552 1695 653 1746 corpus

116 1759 267 1819 rostroque
276 1751 405 1802 immanis
415 1751 511 1802 vultur
522 1750 630 1800 obunco

103 1824 182 1875 iecur
190 1821 308 1872 tondens
319 1819 494 1888 fecundaque
505 1819 601 1886 poenis

102 1897 244 1958 naturque
255 1889 356 1956 epulis,
367 1887 529 1956 habitatque
539 1889 590 1939 sub
602 1887 660 1938 alto

102 1977 128 2012 eo
137 1961 216 2012 libris
227 1961 337 2026 requies
348 1958 432 2008 datur
441 1957 502 2007 ulla
511 1958 624 2008 renatis.
702 1954 752 2005 ooo

102 2046 170 2082 mem
180 2028 327 2094 Lapithae,
337 2028 435 2078 lsiona
445 2023 672 2093 Pirithoumque!

102 2116 108 2129 ·
120 2105 182 2150 atra
192 2098 264 2148 silex
272 2099 327 2146 iam
339 2097 393 2145 iam
403 2095 518 2162 lapsura
528 2095 692 2162 cadentique

102 2166 224 2219 siusiliel
238 2166 347 2217 Lucent
356 2165 510 2232 genialibus
520 2164 586 2215 altis

102 2252 126 2288 a
135 2238 219 2298 toris,
228 2235 384 2302 epulaeque
394 2239 459 2285 ante
470 2240 645 2299 orabaratae

102 2322 150 2369 su;
164 2305 312 2356 Furiarum
325 2304 445 2354 maxima
454 2304 535 2353 iuxta
703 2297 753 2351 bob

102 2383 110 2427 t
120 2376 246 2426 manibus
257 2372 385 2439 prohibet
396 2375 558 2438 contingere
567 2383 684 2431 mensas,

103 2461 124 2495 re
135 2444 224 2495 facem
237 2443 382 2503 attollens,
393 2448 476 2509 atque
488 2442 599 2491 intonat
610 2453 667 2490 ure.

103 2529 113 2564 s
123 2514 206 2564 invisi
217 2512 332 2574 fratres,
343 2511 408 2561 dum
418 2513 476 2562 vita
486 2509 625 2570 manebat,

108 2597 222 2647 parens,
234 2587 264 2632 et
272 2580 352 2631 fraus
360 2580 466 2633 innexa
475 2577 587 2644 clleutl3

103 2649 214 2699 'tiissols'
220 2647 382 2706 incubuere
393 2653 531 2726 repertis,
723 2645 780 2699 (Μ
