1882 3052
189 149 242 204 202
348 149 378 201 P.
397 147 577 203 vlnuilnl
599 145 785 202 Minonis

188 254 303 319 Accepit
312 253 450 318 trepidos,
461 267 493 303 ac
503 251 600 304 Nisum
611 251 704 303 dicere
714 253 804 302 iussit.
910 296 914 303 .

189 325 265 374 Tum.
272 323 313 374 sic
321 322 504 388 Hyrtacides:
518 318 621 374 Audite
632 335 649 372 ο
659 321 799 372 mentibus
810 324 905 387 aequis,

129 401 177 452 255
187 392 346 454 Aeneadae,
356 405 425 443 neve
436 388 505 442 haec
514 391 616 441 nostris
627 395 790 457 spectentur
799 390 834 440 ab
844 389 921 451 arinis,

187 461 265 522 Quae
276 460 399 512 ferimus.
418 459 515 511 Rutuli
524 473 622 510 somno
633 461 754 527 unoque
764 458 851 510 soluti

97 536 106 553 ’“
187 532 365 592 Conticuere3
381 529 475 580 locum
483 529 591 580 insidiis
601 528 866 594 conspeximusipsi‚

187 599 240 659 Qui
251 603 328 665 patet
338 599 366 648 in
377 599 450 649 bivio
462 603 572 664 portae,
585 613 655 664 quae
666 599 797 662 proxima
807 602 900 663 pont03

187 668 337 732 interrupti
348 671 426 732 ignes
432 703 440 728 ,
451 675 566 733 aterque
577 667 612 716 ad
623 667 717 717 sidera
727 665 822 716 sumus

127 743 178 793 240
187 737 325 803 Erigitur3
340 737 363 785 si
373 735 500 787 Fortuna
511 736 672 802 permittitis
682 737 738 785 uti:
885 774 891 779 .

186 805 350 864 Quaesitum
360 805 473 855 Aenean
485 805 519 856 ad
531 804 641 855 moenia
652 800 802 856 Pallantea
892 802 894 807 ’

186 873 253 924 Mox
264 871 308 923 hic
319 887 381 922 curn
393 872 502 938 spoliis,
512 874 619 940 ingenti
629 873 715 924 caede
725 878 849 940 peracte,

187 940 281 992 Affore
292 942 420 992 cernetis.
440 937 499 994 Nec
510 957 560 993 nos
571 944 615 992 via
625 940 700 992 inllit
710 944 816 993 euntis:

189 1009 313 1061 Vidimus
325 1012 450 1062 obscuris
461 1013 580 1077 primam
591 1009 642 1062 sub
652 1010 774 1062 vallibus
784 1010 886 1072 urben,

126 1082 176 1134 sii
188 1080 300 1132 Venatu
311 1080 423 1129 assiduo
435 1084 464 1130 et
474 1085 564 1130 tntum
575 1081 757 1146 cognovimus
768 1094 882 1130 amnem

187 1148 241 1200 Hic
252 1149 331 1198 annis
341 1149 433 1214 gravis
445 1154 529 1215 utque
538 1150 623 1200 animi
633 1155 762 1200 maturus
771 1149 875 1201 Aletes:

188 1219 227 1269 Di
238 1217 334 1284 patrii,
345 1231 465 1284 quorum
476 1233 587 1283 semper
597 1219 647 1268 sub
658 1219 776 1270 numine
787 1219 919 1275 Treueri.

188 1286 250 1340 Non
262 1293 355 1336 tamen
366 1287 479 1337 omnino
490 1288 615 1338 'seueros
626 1287 721 1339 delere
731 1289 849 1354 paratis,

190 1357 280 1418 Quum
291 1355 362 1406 tales
374 1357 480 1405 animus
491 1357 620 1406 iuvenum
630 1361 659 1407 et
667 1361 726 1406 tam
737 1362 819 1408 certa
827 1354 917 1407 tunsus

129 1430 180 1482 250
190 1426 316 1479 Pectora.
337 1422 383 1476 Sic
393 1439 562 1487 memorans,
573 1423 704 1476 humerus
715 1425 884 1493 dextrasque
891 1427 929 1474 te·

605 1494 691 1545 nebat

188 1565 351 1627 nimborum,
362 1568 391 1615 et
399 1563 507 1614 vultum
517 1562 638 1613 lacrimis
651 1567 737 1631 utque
751 1578 803 1615 ora
813 1563 922 1631 rigabat·

189 1635 267 1696 Quae
276 1635 366 1696 vobis,
377 1647 448 1700 quae
458 1633 554 1699 digna,
564 1633 628 1694 viri,
639 1647 691 1698 pro
703 1632 837 1684 laudibus
847 1633 909 1691 istis,

188 1703 317 1755 Praemia
326 1718 407 1769 posse
418 1717 481 1753 rear
491 1699 578 1751 sulvii
594 1700 787 1766 pulcherrima
797 1703 909 1769 primunr

187 1772 226 1822 Di
237 1787 383 1838 moresque
396 1771 502 1822 dabunt
509 1772 607 1822 vestri:
623 1775 682 1821 tum
695 1777 811 1823 caetera
821 1769 930 1824 reddet*

188 1844 320 1892 Actutum
331 1842 393 1905 pius
402 1843 522 1901 Aeneas,
532 1844 616 1906 atque
626 1841 736 1906 integer
747 1842 811 1892 aeui

187 1910 335 1970 Ascanius,
345 1910 436 1959 meriti
449 1910 518 1959 tanti
529 1923 583 1958 nun
595 1910 741 1959 immemor
752 1924 882 1978 unquam.

189 1979 277 2027 lmmo
288 1992 339 2043 ego
350 1992 406 2038 ros,
418 1979 462 2028 cui
473 1978 535 2027 sola
544 1977 754 2045 salusgenitore
761 1979 886 2039 reductu,

188 2045 300 2110 Excipit
309 2047 454 2107 Ascanius,
465 2061 516 2111 per
527 2061 655 2112 magnus,
667 2045 747 2109 Nise,
759 2046 887 2108 Penates,

188 2115 371 2180 Assaracique
383 2114 497 2175 Larem,
509 2120 539 2164 et
549 2130 635 2166 canae
645 2116 804 2181 penetralia
814 2116 911 2173 Vestae,

131 2190 179 2239 250
189 2182 332 2233 Obtestur:
348 2185 540 2249 (quaecunque
551 2183 618 2234 mihi
628 2184 744 2235 fortuna
754 2186 878 2254 fidesque
887 2188 924 2242 eii.

188 2251 219 2303 ln
231 2251 330 2301 vestris
341 2265 413 2314 pono
423 2253 536 2316 gremiis
543 2256 560 2313 ι)
571 2260 700 2305 revocate
711 2260 870 2319 parentemn

188 2319 307 2372 Reddite
317 2325 509 2385 conspectum
524 2320 594 2371 nihil
603 2323 653 2373 illu
664 2324 746 2375 triste
757 2329 878 2391 receptu.

188 2389 261 2440 Bina
271 2388 344 2439 dabo
352 2394 467 2455 argento
480 2389 604 2454 perducta
615 2399 698 2459 atque
707 2407 810 2458 aspera
820 2393 900 2462 signis

188 2457 306 2520 Pocula,
317 2457 423 2508 deuicta
433 2460 543 2525 genitur
555 2475 626 2526 quae
638 2463 711 2528 cepit
721 2463 836 2527 Arisba3

133 2532 178 2584 265
188 2528 225 2578 Et
235 2527 361 2593 tripodas
371 2530 509 2594 geminos,
520 2531 582 2580 auri
593 2531 647 2581 duo
658 2546 760 2597 magna
769 2533 889 2595 talentat

190 2597 306 2649 Cratera
314 2599 472 2664 antiquum,
483 2614 563 2666 quem
575 2601 622 2650 dat
633 2598 747 2651 Sidonia
758 2601 842 2654 Dido.

190 2665 219 2718 Si
231 2682 296 2720 veru
307 2682 407 2734 capere
417 2668 527 2723 italiam
537 2671 710 2738 sceptrisque
720 2673 809 2739 potiri
