1882 3052
31 231 39 238 -
143 193 192 257 lio
302 188 738 245 P.v1RG1L11MARON18
844 206 847 209 ’

140 299 198 350 Aut
207 311 292 363 super
301 295 420 348 ldaiium
430 299 541 345 sacrata
551 294 616 346 sede
627 293 787 354 recondam,

105 392 107 397 ·
140 365 183 418 Ne
195 381 250 434 qua
259 366 331 416 scire
341 364 434 425 dolos,
445 363 587 414 mediusve
599 376 749 413 occurrere
759 361 853 428 possit.

140 435 186 486 Tu
196 435 295 486 facicm
304 433 381 484 illius
390 437 500 483 noctem
511 446 567 482 non
577 430 696 497 amplius
706 446 792 482 unam

140 503 220 555 Falle
231 502 309 564 dolo,
320 506 349 554 et
357 505 440 552 notos
450 500 530 566 pueri
541 515 612 566 puer
620 500 705 552 indue
715 500 818 561 vultus,
837 542 844 551 ,.

83 571 132 627 685
141 571 192 634 Vt,
203 585 288 639 quum
296 576 325 622 te
334 570 442 638 gremio
452 569 571 634 accipiet
580 569 735 620 laetissima
744 569 819 621 Dido

140 640 260 707 Regales
269 640 343 689 inter
350 635 462 690 mensas
471 637 638 706 laticemque
648 638 784 705 Lyaeum,

22 699 38 712 ⁸
141 709 233 771 Quum
243 707 320 758 dabit
329 706 474 773 amplexus
483 712 568 774 atque
578 707 675 758 oscula
685 707 779 758 dulcia
789 708 859 773 figet,

141 776 289 829 Occultum
298 776 417 842 inspires
427 777 532 842 ignem,
543 775 681 843 fallasque
692 791 806 828 veneno.

140 845 224 896 Paret
233 847 319 896 Amor
328 845 410 896 dictis
420 859 502 896 carae
512 845 674 910 genetricis,
686 850 715 896 et
725 846 785 896 alas

81 924 132 995 ⁶90
140 914 238 977 Exuit,
250 919 280 965 et
288 928 386 980 gressu
395 913 519 980 gaudens
530 912 634 964 incedit
643 913 704 964 luli.

139 985 177 1036 At
185 982 280 1036 Venus
290 983 407 1035 Ascanio
419 982 557 1048 placidam
567 997 617 1048 per
627 982 752 1034 membra
762 983 871 1050 quietcn

140 1053 255 1119 Irrigat,
266 1056 295 1103 et
305 1050 395 1102 fotum
409 1053 516 1118 gremio
528 1051 580 1102 dea
590 1050 667 1101 tollit
675 1052 704 1101 in
715 1052 790 1103 altos

111 1139 116 1147 ·
139 1119 245 1174 idaliae
256 1121 347 1182 lucos,
357 1120 404 1171 ubi
415 1119 508 1170 mollis
519 1134 663 1170 amaracus
673 1120 754 1171 iilum
855 1169 867 1178 ,

139 1189 271 1242 Floribus
281 1194 311 1240 et
320 1189 396 1240 dulci
405 1189 551 1254 adspirans
562 1189 760 1254 complectitur
769 1187 870 1240 umbra

81 1260 252 1336 695lamque
262 1257 321 1308 ibat
330 1258 405 1308 dicto
416 1272 517 1323 parens
528 1263 556 1309 et
567 1258 640 1308 dona
650 1258 758 1323 Cupido

140 1329 229 1395 Regia
237 1328 370 1394 portabat
379 1328 487 1392 Tyriis,
498 1326 567 1378 duce
578 1326 669 1377 lactus
679 1326 793 1380 Achate.

176 1398 267 1460 Quum
278 1397 365 1457 venit,
376 1395 481 1447 aulaeis
491 1397 546 1446 iam
556 1409 586 1445 se
595 1396 693 1461 regina
701 1397 830 1462 superbis

139 1469 232 1518 Aurea
240 1466 397 1531 composuit
405 1464 523 1530 sponda,
533 1463 708 1531 mediamque
717 1465 831 1516 locavit.

27 1591 30 1597 ,
139 1536 198 1586 lam
209 1539 289 1601 pater
298 1536 417 1594 Aeneas,
429 1539 458 1584 et
467 1535 521 1584 iam
532 1534 655 1584 Troiana
664 1534 795 1585 iuventus

83 1619 132 1672 700
141 1603 328 1664 Conveniunt,
339 1607 483 1669 stratoque
493 1616 578 1667 super
589 1602 772 1654 discumbitur
783 1607 866 1655 ostro.

140 1671 217 1724 Dant
226 1670 325 1722 famuli
335 1670 461 1722 manibus
472 1669 614 1737 lymphas,
626 1671 812 1740 Cereremque
822 1685 861 1723 ca·

556 1740 652 1789 nisu-is
802 1779 807 1784 ,

139 1806 312 1874 Expediunt,
323 1808 464 1874 tonsisque
475 1806 570 1859 ferunt
580 1808 714 1861 mantelia
723 1809 807 1860 viliis.

94 1936 97 1940 Ι
140 1875 349 1942 Quinquaginta
358 1877 434 1926 intus
445 1874 580 1939 famulae,
592 1878 691 1944 quibus
702 1878 802 1930 ordine
812 1878 871 1944 long

141 1945 215 1995 cura
225 1958 327 2010 penum
337 1949 459 2005 struere,
470 1950 500 1995 et
512 1945 630 1996 fiammis
640 1947 755 1998 adolere
765 1947 871 1999 Penate

84 2018 132 2090 7⁰5
142 2012 259 2064 Centum
270 2011 355 2074 aliae,
366 2012 539 2079 totidemque
550 2030 631 2080 pares
642 2021 735 2067 aetate
745 2016 871 2078 ministri¹

141 2080 195 2144 Qui
206 2079 321 2146 dapibus
331 2095 441 2132 mensas
451 2089 581 2145 onerant,
593 2089 621 2135 et
632 2084 733 2149 pocula
741 2076 857 2152 po‘nunt.

140 2149 266 2203 Necnon
276 2154 306 2201 et
315 2149 397 2216 Tyrii
407 2164 458 2215 per
468 2149 564 2203 limina
575 2151 650 2205 laeta
660 2152 825 2222 frequentes

142 2219 314 2281 Convenere,
325 2220 395 2270 toris
404 2220 473 2269 iussi
483 2218 655 2274 discumbere
666 2223 755 2288 pictis.

141 2287 283 2339 Mirantur
293 2288 367 2340 dona
375 2292 498 2351 Aeneae,
508 2290 645 2341 mirantur
654 2291 756 2355 lulum,

83 2376 133 2430 7¹⁰
140 2355 361 2426 Flagrantesque
372 2359 416 2410 dei
425 2357 531 2420 vultus,
540 2359 726 2428 simulataque
736 2361 835 2425 verba,

141 2424 316 2495 panemque,
327 2432 356 2478 ct
365 2429 471 2493 pictum
481 2441 580 2480 croceo
590 2428 717 2481 velamen
727 2429 857 2485 acantho.

37 2546 43 2557 ,
141 2494 293 2562 Praecipue
302 2494 414 2558 infelix,
425 2496 497 2563 pesti
507 2497 608 2549 devota
617 2495 740 2562 futurae,
865 2556 869 2561 ,

140 2564 255 2632 Expleri
265 2569 388 2616 mentem
398 2566 506 2634 nequit,
516 2566 692 2635 ardescitque
703 2568 811 2622 tuendo

140 2630 303 2697 Phoenissa,
313 2640 343 2687 et
352 2634 458 2700 pariter
467 2649 555 2701 puero
566 2636 701 2704 donisque
710 2643 848 2694 movetur.

41 2789 46 2798 .
83 2703 192 2774 7151110
202 2704 249 2758 ubi
260 2703 522 2775 compiequeneae
532 2703 660 2775 colloque
670 2707 815 2778 pependit,
