1882 3052
53 779 90 843 P.
125 779 405 850 VIRGILII
433 781 724 854 MARONIS

178 919 231 1037 c
303 918 341 1007 0
428 921 465 1003 n
543 923 604 1005 n.

9 1207 102 1310 Cnpa
112 1239 240 1310 Syriaca,
251 1247 336 1310 caput
345 1242 432 1296 Graia
440 1245 571 1298 redimita
582 1245 700 1310 mitella,

41 1313 171 1379 Crispum
182 1313 233 1364 sub
244 1313 352 1365 crotalo
363 1313 448 1367 docta
457 1329 570 1368 movere
579 1305 663 1381 litus,

10 1381 92 1434 Ebria
103 1381 213 1433 fumosa
223 1381 310 1433 saltat
318 1381 421 1434 lasciva
430 1384 556 1448 taberna,

39 1451 82 1502 Ad
94 1451 219 1503 cubitum
229 1465 331 1503 raucos
343 1455 485 1505 excutiens
496 1453 626 1506 calamos.

10 1520 81 1582 Quid
91 1522 170 1571 iurat
180 1523 286 1574 aestivo
297 1519 437 1574 defessum
448 1524 563 1590 pulvere
574 1525 679 1587 abesse,
778 1532 792 1581 5
888 1551 889 1554 ¹

39 1592 133 1653 Quam
143 1591 237 1657 potius
247 1589 343 1643 bibulo
355 1591 518 1646 decubuisse
527 1592 610 1645 torui

10 1659 186 1727 iuntcupae,
197 1660 311 1723 calices,
322 1660 430 1728 cyathi,
440 1678 518 1726 rosa,
529 1663 611 1726 tibia,
622 1663 751 1728 chordae,

40 1731 77 1781 Et
88 1728 203 1781 trichila
212 1729 372 1782 umbriferis
383 1731 486 1799 frigida
495 1733 684 1784 arundinibus.

10 1802 55 1852 Est
66 1799 248 1851 etMacnalio
260 1814 331 1867 quae
341 1803 431 1867 garrit
440 1802 522 1855 dulce
532 1802 582 1855 sub
593 1808 690 1866 annu,

39 1870 157 1921 Rustica
167 1871 288 1937 pastoris
299 1870 395 1921 fistula
405 1886 482 1924 more
492 1886 603 1924 sonans.
647 1881 657 1893 ·
713 1936 719 1943 ¹
782 1896 830 1929 ιο-

10 1940 56 1990 Est
66 1945 96 1990 et
104 1953 206 2006 vappa,
216 1937 286 1991 cado
297 1954 387 2006 nuper
397 1940 499 1994 diffusa
509 1941 611 2009 picata.

40 2009 93 2059 Est
102 2010 255 2076 strepitans
264 2023 352 2060 rauco
361 2025 504 2063 murmure
514 2012 590 2062 rivus
601 2026 699 2083 aquae.

11 2077 79 2130 Sunt
89 2078 174 2130 ctiam
185 2092 284 2131 croceo
295 2078 386 2132 violae
397 2080 432 2132 de
441 2080 511 2133 flore
521 2080 660 2146 corollae;

41 2146 177 2217 Sertaque
188 2160 329 2215 purpurea
338 2147 418 2201 luten
427 2152 515 2201 mixta
524 2164 603 2214 rosa;

11 2218 43 2270 Et
52 2233 123 2284 quae
134 2219 260 2284 virgineo
271 2216 357 2270 libata
366 2217 495 2271 Achelois
506 2220 540 2271 ab
552 2233 632 2273 amne
780 2223 810 2276 15

40 2285 115 2338 Lilia
124 2288 251 2339 vimineis
261 2287 359 2339 attulit
368 2289 395 2340 in
408 2287 533 2340 calathis.

11 2355 78 2408 lunt
88 2361 117 2409 et
127 2356 242 2419 caseoli,
254 2372 324 2424 quos
334 2359 435 2410 iuncea
442 2358 539 2409 fiscina
548 2357 644 2410 siccat.

39 2424 113 2477 Sunt
122 2425 278 2477 autumnali
288 2442 370 2480 cerea
379 2440 470 2494 pruna
479 2426 538 2490 die3

11 2495 216 2564 castaneasque
226 2511 324 2559 nuces,
335 2501 364 2548 et
372 2510 458 2548 suave
468 2494 599 2547 rubentia
609 2492 691 2546 mala

37 2566 91 2617 Est
100 2563 146 2616 hic
155 2565 259 2616 munda
269 2565 365 2629 Ceres3
382 2570 425 2616 est
433 2566 530 2616 Amor:
545 2569 589 2616 cst
598 2562 737 2616 Bromlus.
775 2587 809 2623 20

11 2633 76 2687 lunt
86 2639 115 2687 et
124 2649 204 2686 mora
214 2640 343 2696 cruenta,
354 2639 383 2686 et
391 2633 475 2687 lentis
484 2648 539 2685 ura
547 2634 672 2687 racemis.

37 2704 90 2756 Est
99 2703 223 2772 pendens
233 2706 315 2759 iunco
327 2703 473 2760 caeruleus
483 2703 614 2758 cucumis.
