1882 3052
294 186 503 245 Buconica
525 194 613 248 EGL.
637 196 691 250 ΙΙΙ.
842 199 870 252 11

110 293 265 344 Arboribus
277 295 364 356 renti,
376 294 455 346 nubis
465 297 646 363 Amaryllidis
659 303 726 352 irae.

111 359 162 413 Ma.
178 361 279 414 Dulce
294 364 363 414 satis
376 361 490 426 humor,
505 365 628 432 depulsis
640 370 756 419 arbutus
768 369 871 433 haedis,

111 429 195 482 Lenta
205 431 285 482 salix
296 430 353 483 feto
364 434 471 498 pecori,
482 432 549 484 mihi
558 435 634 486 sulus
644 438 787 503 Amyntas,

112 499 156 556 Du·
166 500 265 554 Pollio
278 505 355 551 aurat
364 508 503 566 uestram,
518 507 642 570 quumvis
653 509 818 567 estrustica,

531 573 652 624 Musam:

112 637 249 700 Pierides,
261 638 378 691 vitulam
390 639 490 692 lectori
502 644 607 708 pascite
618 650 719 696 vestro.
881 644 912 692 85

111 707 162 762 ΜΕ.
174 708 278 781 Pollio,
284 714 314 762 et
323 711 382 778 ipse
393 709 461 760 facit
472 725 543 763 nora
553 714 688 776 carmina:
704 715 808 780 pascite

10 831 16 841 ,
528 785 649 844 taurum,

10 842 30 862 '⁶
112 847 161 896 iam
172 862 266 898 cornu
278 852 357 913 petat
367 848 521 915 etpedibus
532 851 578 917 qui
588 855 703 918 spargat
712 864 835 902 arenam.

114 915 159 970 Da.
170 917 227 978 Qui
239 921 284 978 te,
300 916 405 980 Pollio,
420 924 508 982 amat,
523 920 628 981 teniat,
643 935 698 988 quo
709 924 736 972 te
747 935 857 987 quoque

565 988 644 1051 udet3

113 1052 193 1106 Mella
203 1053 299 1106 fluant
309 1055 365 1119 illi,
376 1054 451 1108 ferat
460 1060 489 1108 et
498 1003 584 1108 ruffis
594 1072 676 1124 asper
688 1072 835 1107 amomum.

113 1122 163 1176 Mc.
169 1126 225 1187 Qui
233 1124 353 1176 Barium
359 1140 414 1176 non
421 1125 622 1189 editamettua
628 1127 760 1188 earmina,
766 1127 870 1186 Maevi3
882 1138 913 1185 po

112 1193 196 1260 Atque
207 1193 288 1245 idem
299 1195 347 1244 iuu
368 1199 397 1245 at
406 1195 515 1261 vulpes,
527 1200 556 1247 et
566 1186 691 1263 mulgeat
701 1193 801 1245 hircus.

114 1261 159 1313 Du.
170 1264 227 1326 Qui
239 1261 336 1330 legitis
347 1209 431 1316 geres
442 1270 471 1316 et
480 1262 556 1314 humi
568 1266 711 1316 nascentia
721 1263 809 1329 fraga,

114 1331 252 1400 Frigidus,
263 1345 280 1382 o
290 1334 378 1398 pueri,
388 1331 478 1400 fugite
488 1331 559 1396 hinc,
564 1332 635 1385 latet
640 1334 771 1401 anguisin
778 1331 873 1388 herba,

113 1401 165 1455 uc.
177 1401 309 1463 Parcite,
323 1415 401 1463 ores,
415 1403 531 1453 nimium
542 1402 706 1469 procedere:
723 1416 777 1452 non
789 1401 859 1452 bene

529 1488 553 1523 rr
575 1487 608 1524 ae

35 1599 43 1608 .
113 1539 259 1602 Creditum
273 1541 334 1606 ipse
344 1542 417 1592 aries
427 1543 512 1594 etiam
524 1487 597 1592 nugae
606 1540 712 1592 vellera
722 1542 816 1590 siccat.
882 1535 913 1599 95

36 1619 45 1642 ⁹
112 1607 158 1661 Du.
170 1612 291 1676 Tityre,
301 1617 446 1676 pascentes
458 1625 475 1662 a
485 1609 599 1663 flumine
609 1612 683 1662 reice
693 1608 829 1675 capellas:

112 1679 182 1745 ipse,
192 1681 245 1731 ubi
256 1683 367 1746 tempus
378 1682 444 1743 erit,
455 1695 550 1732 onmes
560 1682 589 1731 in
600 1678 678 1731 fonte
689 1678 796 1729 lavabo.

112 1748 164 1798 Ma.
176 1750 280 1817 Cogite
290 1763 370 1812 oves,
385 1751 477 1816 pueri;
493 1751 517 1800 si
529 1749 573 1801 lac
582 1748 756 1815 praeceperit
767 1752 870 1804 aestus,

112 1816 143 1868 Vt
153 1834 261 1884 nuper,
272 1816 380 1870 frustra
390 1819 578 1885 pressabimus
590 1818 677 1870 ubera
686 1816 794 1883 palmis,

112 1884 158 1942 Da.
168 1888 249 1950 Heu,
259 1885 324 1951 heu,
335 1902 417 1956 quam
430 1889 526 1956 pingui
537 1902 632 1938 macer
639 1891 684 1987 ¹est
694 1883 761 1936 mihi
772 1890 869 1933 taurus
883 1892 928 1927 100

526 1971 645 2008 merse.

109 2025 181 2078 idem
192 2039 280 2077 emor
289 2010 404 2078 exitium
415 2027 510 2093 pecori
520 2026 683 2093 pecorisque
694 2025 836 2089 magistro.

10 2132 49 2179 ,ῆι
108 2094 162 2151 ur.
173 2097 232 2149 uis
244 2099 322 2148 certe
332 2111 421 2165 neque
432 2110 510 2148 amor
520 2109 620 2214 Ἑιεεα
630 2100 684 2212 ἱείς
698 2095 744 2143 vix
754 2093 859 2142 ossibus

21 2174 27 2181 “
45 2169 50 2180 ’
564 2178 630 2214 eren

10 2219 36 2252 f'
107 2231 207 2287 Nescio
219 2234 286 2300 quis
296 2237 407 2286 teneros
419 2233 517 2286 oculus
528 2231 595 2283 mihi
606 2231 726 2282 fascinat
735 2244 829 2296 agnus.

107 2302 155 2359 Da.
168 2301 244 2366 Dic,
258 2303 359 2370 quibus
369 2304 398 2354 in
408 2305 506 2365 terris,
522 2307 550 2352 et
560 2303 615 2352 eris
625 2299 693 2351 mihi
704 2314 821 2366 magnus

13 2421 22 2465 3
104 2369 799 2508 prespeteatcoelispatiumsemianimum.
882 2437 929 2493 105

103 2511 161 2564 Mt.
174 2511 249 2573 Dic,
259 2510 359 2577 quibus
368 2511 397 2561 in
407 2511 491 2561 terris
501 2509 626 2575 inscripti
636 2507 748 2557 nomina
760 2519 856 2573 regum

61 2632 69 2651 ,
101 2581 273 2635 Nascantur
282 2577 383 2641 florem·
401 2577 663 2645 etPIryiiidasolus
674 2575 790 2634 habete.

10 2656 71 2862 J
98 2649 144 2698 Ρι
156 2648 226 2697 Non
234 2651 361 2696 nostrum
369 2647 448 2701 iuter
457 2664 506 2702 ros
520 2657 620 2710 tantas
627 2652 895 2728 componereiites.

80 2711 122 2758 ee
132 2708 388 2777 ritulatuffl'guus,
399 2724 434 2772 et
441 2712 499 2777 nie.
522 2726 561 2782 At
573 2732 715 2808 quisquis
729 2743 855 2788 amares
