1882 3052
163 170 246 242 '⁴24
339 156 390 239 'n
408 185 588 240 virumn
609 150 796 237 nunonis

81 338 84 343 .
156 315 185 347 ιο
229 292 347 344 comata
356 290 443 355 oolla,
452 306 488 343 ne
498 304 553 358 qua
562 287 795 357 sordidum‚iugo

229 360 389 424 Premente,
400 361 470 412 dura
478 360 578 411 vulnus
589 359 686 412 ederet
695 358 771 408 iuba.

230 431 367 482 Cremona
377 429 489 498 frigida,
501 434 529 482 et
539 429 632 480 lutosa
642 426 746 490 Gallia,

229 492 296 551 Tibi
303 499 374 551 haee
384 498 481 561 fuisse,
492 503 522 550 et
531 513 604 560 esse,
614 496 806 564 cognitissima

229 568 275 618 Ait
285 556 415 620 Sabinus:
430 567 529 618 ultima
538 581 573 619 ex
584 567 690 634 origine

154 648 183 698 15
228 637 292 689 Tua
302 638 413 688 stetisse
424 637 491 690 dicit
499 637 528 686 in
538 638 679 704 voragine,

228 707 291 758 Tua
300 707 328 755 in
341 705 441 772 palude
452 706 611 772 deposuisse
622 705 754 766 sarcinas,

229 777 266 826 Et
274 775 340 826 inde
349 779 393 826 tot
403 786 453 841 per
463 776 587 826 orbitosa
597 775 685 826 millio

229 843 327 911 Iugum
337 843 450 907 tulisse}
465 843 557 907 laeva,
568 844 625 896 sive
635 844 758 904 dexteru,

229 912 354 980 Strigure
365 913 468 976 mulas,
478 915 535 964 sive
545 914 683 981 utrimque
694 918 834 979 coeperat.

152 1008 183 1041 20
228 981 325 1049 Neque
335 982 395 1033 ulla
404 987 469 1033 vota
478 983 651 1034 semitolibus
661 983 730 1033 Deis

228 1050 286 1103 Sibi
298 1067 358 1104 esse
370 1050 457 1113 fucta,
468 1056 583 1118 propter
593 1050 647 1104 hoe
657 1051 845 1113 novissimum,

228 1119 350 1172 Paterna
360 1121 435 1183 lore,
451 1121 662 1182 proximumque
672 1123 820 1186 pectinem.

228 1188 284 1241 Sed
294 1187 361 1240 hoec
370 1189 446 1256 prius
457 1187 547 1241 fuere:
563 1205 637 1241 nuno
648 1192 771 1241 eburnea

229 1256 369 1325 Sedetque
378 1257 457 1320 sede,
467 1273 553 1325 seque
564 1259 675 1312 dedicat
684 1258 743 1321 tibi,

153 1335 184 1385 25
229 1325 355 1380 Gemelie
366 1328 475 1391 castor,
487 1333 516 1380 et
526 1327 654 1381 Gemelle
664 1328 795 1381 Castoris.

544 1480 598 1535 lx.
772 1516 775 1524 ι

430 1577 454 1623 Δ
463 1575 492 1624 D
514 1575 564 1623 Η
573 1575 600 1622 B
607 1573 628 1622 1
636 1575 659 1622 1¹
663 1574 706 1624 Μ

192 1648 317 1734 Scilicet
326 1681 379 1734 hoc
389 1684 449 1734 sine
459 1681 571 1744 fraude,
580 1680 648 1732 Vari
660 1681 836 1745 dulcissime,
853 1684 929 1734 dican

225 1751 388 1817 Disperenm
394 1788 402 1815 ,
412 1753 465 1803 nisi
475 1767 519 1803 me
529 1751 651 1821 perdidit
660 1753 713 1802 iste
723 1759 817 1818 putus.

191 1818 239 1870 Sin
251 1827 343 1871 autem
353 1826 501 1887 praecepto
510 1828 607 1872 vetant
616 1836 660 1871 me
671 1820 778 1884 dicere3
794 1837 872 1885 sane,

225 1888 287 1939 Non
299 1889 396 1941 dicam.
417 1890 471 1943 Sed
483 1904 528 1942 me
539 1890 661 1957 perdidit
670 1890 722 1940 iste
733 1904 813 1956 puer.

552 2041 586 2095 X.

311 2136 370 2182 AD
401 2134 583 2184 mmm
608 2135 828 2185 SYRONIS.

189 2211 323 2304 Villulu,
335 2256 406 2308 quae
417 2241 533 2311 Syronis
544 2259 620 2307 eras,
631 2249 660 2297 et
668 2260 777 2311 pauper
787 2248 890 2314 ugelle

224 2310 326 2363 Verum
336 2311 377 2361 illi
390 2311 500 2362 domino
511 2317 542 2362 tu
553 2328 663 2382 quoque
674 2315 802 2368 divitiae:

188 2381 236 2431 Me
248 2382 307 2444 tibi,
318 2379 406 2433 ethos
417 2396 599 2447 unamecum,
611 2391 640 2437 et
649 2400 718 2453 quos
728 2399 844 2453 semper
856 2388 933 2437 amari

223 2449 329 2519 Siquid
340 2451 374 2503 de
385 2453 479 2517 patrio
486 2453 594 2504 tristius
604 2454 729 2518 audiero,

162 2527 178 2576 5
189 2520 366 2584 Commendo,
377 2523 404 2572 in
416 2523 564 2590 primisque
575 2529 689 2588 patrem.
701 2527 746 2576 Tu
757 2525 933 2579 nuncerisilii

223 2590 341 2642 Mantua
352 2591 426 2659 quod
436 2589 540 2655 fuerat,
551 2594 679 2663 quodque
691 2595 833 2649 Cremona
844 2600 922 2664 prius.
