1882 3052
53 196 57 201 ⁴
129 93 222 208 ἐφ’,
286 121 315 176 r.
333 108 516 201 vinorn'n
537 118 726 213 nrnonps

128 225 226 279 Delati
234 216 383 293 inpastus,
393 241 447 278 neu
457 225 543 277 litora
553 214 616 277 dira
624 206 758 286 subirent,
781 262 790 279 ,

128 294 274 362 Neptunus
283 296 372 347 ventis
383 295 508 361 implerit
517 294 580 346 vela
589 294 727 359 secundis,

62 370 66 376 '
128 368 219 432 Atque
230 362 324 432 fqgam
335 363 423 426 dedit,
433 368 463 415 et
472 367 583 430 praeter
592 362 663 413 vada
673 360 794 413 fervida·

87 424 119 482 alr
130 435 243 500 lamque
253 434 417 496 rubescebat
426 433 512 482 radiis
523 446 608 493 mare,
618 436 650 482 et
658 429 773 482 aethere
785 444 794 480 a

129 504 238 553 Aurora
248 503 276 551 in
286 503 374 553 roseis
385 500 511 566 fulgebat
519 500 597 571 lutea
604 499 690 565 higis3

130 572 222 632 Quum
232 571 307 621 renti
318 584 449 635 posuere,
460 572 603 635 omnisque
613 573 731 634 repente
740 582 794 618 ress

129 639 240 699 Fletus,
249 643 280 690 et
289 640 317 688 in
328 636 409 691 lento
416 639 559 689 luctantur
568 651 709 708 marmore
720 642 794 689 tonsa

129 709 219 774 Atque
229 705 273 756 hic
281 709 388 759 Aeneas
400 708 539 774 ingentem
550 721 586 756 ex
595 719 718 772 aequore
730 706 794 769 lucu

86 776 120 826 ao
129 775 273 840 Prospicit
293 777 376 826 Hunc
385 777 458 827 inter
470 775 552 826 fluvio
563 774 714 825 Tiberinus
725 789 794 825 amos

128 841 283 895 verticibus
293 846 410 910 rapidis,
420 850 449 896 et
458 845 547 894 multa
558 842 646 894 llarus
656 858 753 906 arena,

126 913 159 978 ln
170 927 245 963 mare
256 915 425 980 prorumpit3
440 915 534 963 variae
546 913 706 978 circumque
716 926 794 978 supra

129 982 263 1033 Assuetae
274 983 341 1048 ripis
351 983 479 1033 volucres
491 986 519 1032 et
529 979 651 1031 fluminis
662 981 744 1032 alveo

129 1049 250 1101 Aethera
260 1051 420 1103 mulcebant
430 1056 521 1112 cantu,
532 1050 650 1117 lucoque
660 1049 794 1101 volabant

63 1147 67 1159 ·
86 1117 118 1170 35
128 1118 256 1170 Flectere
266 1121 320 1170 iter
331 1120 411 1168 sociis
421 1124 568 1186 terraeque
580 1119 726 1170 advertere
737 1134 794 1185 pror

128 1187 260 1252 lmperat,
271 1192 299 1237 et
309 1187 400 1237 laetus
409 1186 494 1237 fluvio
506 1184 630 1238 succedit
640 1202 735 1252 opaco.

163 1255 309 1322 Nuncage,
320 1256 461 1322 quireges‚
471 1256 566 1317 Erato,
578 1263 794 1323 quaetemporar

129 1324 198 1384 Quis
208 1324 290 1374 Latio
302 1325 414 1391 antiquo
426 1323 511 1375 suerit
521 1329 622 1387 status,
637 1327 746 1378 advena
755 1325 794 1376 cla

130 1393 222 1453 Quum
233 1395 351 1458 primum
360 1395 489 1446 Ausoniis
501 1394 640 1444 exercitus
651 1396 760 1461 appulit
770 1408 794 1446 or

86 1468 120 1524 40
128 1462 294 1528 Expediam,
306 1467 335 1513 et
345 1465 450 1528 primae
460 1464 595 1514 rerocaho
607 1465 724 1514 exordia
734 1479 794 1531 pugi

129 1532 174 1582 Tu
184 1537 288 1593 vatem,
300 1535 344 1593 tu,
354 1531 430 1594 dira,
440 1547 535 1594 mone;
551 1532 641 1583 dicam
652 1532 792 1584 horridab

104 1616 107 1621 ·
127 1600 226 1651 Dicam
238 1601 324 1661 acics,
336 1605 469 1668 actosque
481 1601 578 1650 animis
589 1603 617 1650 in
629 1601 730 1654 lunera
739 1617 794 1670 regi

128 1668 359 1737 Tyrrhenamque
369 1674 492 1732 manum,
506 1675 649 1738 totamque
658 1673 710 1723 sub
722 1687 794 1722 arma

542 1744 615 1790 ctam

127 1807 301 1873 Hesperiam.
321 1809 415 1860 Maior
424 1822 518 1860 rerum
528 1808 595 1858 mihi
607 1812 731 1861 nascitur
740 1810 794 1861 ord=

84 1879 116 1934 45
126 1876 219 1927 Maius
230 1892 299 1944 opus
308 1891 414 1928 murco.
434 1877 493 1930 Rex
503 1893 569 1928 arva
578 1878 697 1929 Latinus
708 1887 737 1931 et
746 1880 794 1930 urh

23 1970 28 1979 ·
124 1945 183 1996 lam
193 1945 286 1996 senior
295 1946 379 2011 longa
389 1945 512 2010 placidas
523 1949 552 1996 in
560 1961 627 2014 pace
639 1944 765 2016 regebat

125 2011 209 2064 llune
219 2013 315 2062 Fauno
325 2018 355 2064 et
365 2013 487 2079 nympha
496 2018 621 2082 genitum
627 2016 794 2069 Laurentelll

124 2080 288 2145 Accipimus.
309 2080 406 2132 Fauno
417 2082 499 2133 Picus
508 2091 601 2151 pater:
616 2087 695 2154 isque
707 2102 792 2153 paren

126 2148 179 2208 Te,
190 2148 322 2210 Saturne,
333 2149 433 2214 refert3
453 2158 484 2208 tu
495 2156 637 2221 sanguinis
648 2156 793 2208 ultimusa

81 2225 114 2277 50
123 2215 211 2266 Filius
222 2215 299 2278 huic,
309 2216 368 2268 fato
379 2219 483 2281 dirum,
495 2224 643 2291 prolesque
653 2226 743 2274 m'rilis

123 2283 208 2336 Nulla
219 2283 283 2348 sirit,
292 2288 436 2356 primaque
448 2292 539 2340 oriens
552 2298 646 2359 erepta
657 2295 772 2344 iuventa
782 2311 794 2348 e

123 2351 191 2405 Sola
202 2354 313 2405 domum
325 2363 353 2406 et
363 2363 456 2408 tantas
465 2362 595 2413 servabat
606 2360 663 2412 lilio
674 2357 763 2426 s'edes,

121 2424 299 2485 lemmatum
308 2426 380 2488 viro,
392 2429 445 2477 iam
457 2427 544 2492 plenis
556 2432 657 2482 nubilis
669 2434 758 2482 annis.

122 2493 206 2544 Multi
217 2493 293 2544 illam
304 2509 403 2561 magno
414 2511 429 2546 e
440 2496 522 2548 Latio
533 2505 646 2568 totaque
657 2501 791 2566 petebant

79 2563 255 2627 mnasonis,
271 2564 341 2630 petit
351 2570 415 2616 ante
427 2565 497 2616 alios
508 2567 709 2634 pulcherrimus
721 2586 794 2623 omns

119 2635 243 2704 Turnus,
255 2635 314 2690 aris
323 2637 582 2706 aternisquepotens·¹
591 2642 793 2706 quemregiaco
