1882 3052
149 151 198 202 ros
307 108 785 213 nvrncrnu‘mnaouis
850 211 856 215 ,

146 254 231 306 Haud
241 254 369 323 equidem
379 256 469 321 pretio
474 254 602 305 inductus
608 250 881 319 pulchroqueiuvent

88 317 138 370 400
147 323 306 388 Venissem3
321 339 373 376 nec
383 325 457 375 dona
465 337 568 373 moror.
589 320 634 373 Sic
645 320 744 372 deinde
755 319 877 382 locutus,

146 394 178 443 ln
188 392 308 445 medium
317 393 442 460 geminos
451 392 564 442 immani
575 389 697 458 pondere
706 394 803 441 cestus

145 460 280 524 Ptoiecit‚
292 462 390 529 quibus
401 475 466 511 acer
473 461 553 527 Eryx
562 461 591 511 in
602 457 709 526 proelia
719 463 820 510 suetus
875 484 879 489 ·

145 529 232 581 Ferre
242 544 366 591 menum,
376 529 502 595 duroque
513 529 657 581 intendere
666 525 783 579 brachia
794 533 881 596 tergo.

146 599 323 662 Obstupuere
333 597 430 648 enimi:
445 603 590 649 tantorum
599 597 725 665 ingentia
735 602 846 662 septem

87 662 137 716 ⁴05
146 667 240 732 Terga
249 667 331 716 boum
343 665 455 731 plumbo
465 666 557 717 insuto
569 665 701 731 ferroque
710 666 849 732 rigebant.

145 737 217 787 Ante
228 747 323 784 omnes
333 739 428 799 stupet
437 735 496 800 ipse
505 733 610 797 Dares,
620 734 759 801 longeque
770 737 881 785 recuset

145 802 395 869 Magnanimusque
405 801 584 854 Anchisiades
596 807 624 854 et
635 801 743 867 pondus
754 802 853 868 etipsa

144 870 209 921 Huc
219 869 287 920 illuc
296 871 450 922 vinclorum
460 872 593 923 immensa
602 870 746 921 volumina
755 875 855 922 vereat

144 939 218 989 'l'um
227 939 321 991 senior
331 939 403 992 tales
413 938 555 992 referebat
565 946 678 1005 pectore
688 948 786 991 voeesz

85 1005 136 1055 410
145 1007 230 1070 Quid,
241 1010 264 1058 si
276 1009 338 1075 quis
348 1014 439 1060 cestus
450 1010 458 1058 i
479 1011 536 1059 sius
546 1014 575 1060 et
584 1007 718 1059 Herculis
728 1021 811 1060 erma

144 1076 281 1139 Vidisset,
291 1078 454 1146 tristemque
461 1024 518 1128 {roc
527 1077 587 1144 ipso
597 1077 627 1127 in
636 1075 720 1128 litore
731 1073 872 1144 pugnnmi

145 1145 224 1197 Haec
234 1147 464 1211 germanusEryx
474 1145 612 1214 quondum
624 1144 881 1212 tuusarmugerebt¹

145 1211 286 1280 Sanguine
296 1215 386 1264 cernis
396 1213 487 1265 adbuc
498 1213 642 1281 fractoque
652 1212 757 1283 iniectu
769 1214 881 1267 cerebro

145 1282 198 1333 His
206 1296 336 1348 magnum
341 1280 455 1334 Alciden
467 1287 565 1333 contra
575 1282 665 1344 stetit3
676 1280 719 1332 bis
730 1297 785 1348 ego
797 1287 881 1335 suctu

84 1343 136 1402 415
145 1351 220 1402 Dum
231 1351 331 1403 melior
341 1351 414 1403 vires
424 1351 536 1417 sanguis
546 1348 643 1412 dubet,
654 1349 768 1402 aemula
778 1350 881 1404 neoduu

144 1420 328 1488 Temporibus
338 1421 455 1487 geminis
466 1419 583 1472 canebat
593 1432 688 1485 sparsa
697 1426 839 1472 senectus.

144 1487 212 1552 Sed,
222 1491 245 1540 si
256 1495 353 1541 nostra
363 1489 453 1541 Dares
463 1485 534 1541 baec
544 1489 646 1539 Troius
656 1502 736 1538 erma
746 1495 873 1551 recuset,

142 1558 230 1625 ldque
241 1560 287 1626 pio
297 1558 377 1612 sedet
386 1559 509 1621 Aeneae,
519 1557 621 1623 probat
630 1561 730 1608 auctor
739 1559 866 1621 Acestes,

143 1629 299 1695 Aequemus
309 1642 423 1695 pugnas.
442 1626 541 1693 Erycis
552 1626 603 1677 tibi
613 1630 693 1693 terga
702 1628 835 1690 remitto;

83 1691 135 1744 420
145 1693 227 1750 Solve
237 1703 342 1760 metus;
358 1702 387 1748 et
397 1702 429 1747 tu
439 1696 576 1747 Troianos
587 1709 658 1746 exue
668 1700 770 1747 cestus.

141 1764 221 1816 Haec
232 1765 317 1828 fatus,
329 1766 467 1831 duplicem
476 1779 512 1816 ex
521 1762 643 1816 humeris
653 1765 751 1816 reiecit
762 1765 881 1816 amictui

142 1832 179 1883 Et
188 1848 303 1900 magnos
312 1835 501 1885 membrorum
510 1838 600 1895 artus,
611 1848 712 1900 magne
722 1847 789 1886 ossa
799 1833 881 1889 lacer·

555 1907 599 1952 tos
620 1917 654 1952 ue

140 1967 238 2028 Exuit,
249 1973 333 2035 utque
343 1970 440 2035 ingens
450 1967 541 2019 media
550 1918 676 2021 congistit
686 1985 784 2023 arena.

142 2038 215 2086 Tum
224 2041 301 2086 satus
311 2035 429 2087 Anchisa
439 2042 531 2087 cestus
542 2045 622 2104 pater
632 2039 733 2091 extulit
743 2055 859 2110 aequos,

82 2103 134 2158 425
142 2104 179 2156 Et
188 2104 301 2170 paribus
313 2105 418 2170 palmas
428 2106 573 2156 amborum
583 2109 710 2160 innexuit
722 2113 818 2162 armis.

143 2173 274 2223 Constitit
283 2175 310 2223 in
320 2173 422 2240 digitos
433 2175 572 2240 extemplo
583 2183 708 2228 arrectus
719 2183 850 2248 uterque,

139 2240 315 2308 Brachioque
326 2243 361 2293 ad
370 2257 485 2309 superas
495 2245 640 2297 interritus
651 2247 754 2299 extulit
764 2263 857 2302 auras.

139 2310 287 2363 Abduxere
296 2317 372 2363 retro
383 2310 465 2380 longe
476 2314 568 2379 capita
577 2315 665 2367 ardue
676 2314 710 2368 ab
721 2317 795 2382 ictu3

140 2380 355 2449 lmmiscentque
364 2396 462 2433 manus
472 2383 610 2447 manibus,
621 2399 801 2454 pugnamque
812 2386 881 2438 luces

553 2458 631 2504 sunt:

81 2517 193 2577 ‘cicilie
203 2516 305 2586 pedum
314 2517 414 2570 melior
423 2524 514 2583 motu,
524 2517 668 2591 fretusque
678 2523 806 2588 iuvenum

135 2589 195 2645 Hic
204 2588 337 2644 membris
348 2596 377 2642 et
385 2588 461 2643 moie
469 2589 576 2642 ualens:
592 2591 641 2642 sed
651 2592 733 2643 tarde
743 2593 873 2645 trementi

131 2659 237 2718 Genua
249 2662 367 2730 labante
374 2666 473 2718 vastos
482 2661 577 2732 quatit
583 2673 666 2726 aeger
671 2658 881 2712 anticimenon
