1882 3052
137 173 190 234 nos
299 170 528 238 nummuli
551 168 739 223 ursonis

137 278 217 328 Haec
225 291 383 328 memorans
394 277 514 325 cinerem
525 280 553 324 et
562 274 666 338 sopitos
678 273 800 323 suscitat

48 338 53 343 ⁵
139 340 806 413 PergameumqueLarem,etcanaepenctralial

80 411 131 482 745
139 415 226 467 Farre
238 416 282 480 pio
293 419 322 464 et
332 412 414 478 plena
423 410 542 475 supplex
551 414 703 460 veneratur
713 425 806 462 acerra

173 480 320 546 Extemplo
332 481 422 529 socios
432 480 606 545 primumque
617 478 736 535 arcessit
745 481 806 530 Ace

139 553 177 604 Et
186 551 258 602 Iouis
266 549 413 615 imperium
423 553 451 604 et
461 548 518 598 cari
529 551 679 613 praecepta
690 549 804 612 parenti

139 619 259 685 Edocet,
270 623 298 668 et
308 632 379 683 quae
390 632 463 667 nunc
473 617 567 667 animo
577 617 718 667 sententiae
728 623 806 668 const

139 686 223 739 Haud
233 701 312 736 mora
323 685 459 748 consiliis3
474 701 525 738 nec
534 687 611 735 iussa
621 690 736 736 recusat
745 687 806 738 Acer

80 761 130 822 750
139 754 344 806 Transcribunt
352 755 416 804 urbi
428 761 541 816 matres,
557 753 751 821 populumque
761 754 807 806 vol

139 825 304 889 Deponunt,
315 824 422 874 animos
433 824 472 873 nil
483 838 600 889 magnae
611 823 702 873 laudis
714 829 806 891 egent<

138 895 195 959 Ipsi
206 899 331 943 transtra
340 898 450 953 novant,
460 891 633 958 ilamrrrisque
643 892 760 943 ambesa
765 907 806 959 re}

139 961 251 1013 Robore
261 962 388 1029 navigiis3
404 967 501 1028 aptarit
511 976 659 1028 remosque
668 961 804 1015 rudentes

139 1032 241 1098 Exigui
251 1046 367 1082 numero
371 1067 379 1093 ,
390 1031 439 1081 sed
449 1030 523 1082 bello
534 1030 626 1080 uiuida
635 1031 736 1082 virtus.

81 1091 131 1162 755
140 1101 251 1152 Interea
260 1103 367 1153 Aeneas
379 1100 476 1151 urbem
488 1099 616 1166 designat
624 1104 732 1162 aratro,

106 1182 116 1209 Ι
140 1167 319 1237 Sortitusque
329 1168 434 1229 domos,
445 1166 498 1218 hoe
508 1169 590 1219 Ilium
600 1173 629 1219 et
638 1166 709 1221 haeo
716 1169 806 1225 loca'I

139 1227 209 1289 Esse
219 1239 305 1288 iubet.
325 1236 436 1288 Gaudet
446 1250 533 1303 regno
545 1237 685 1287 Troianus
695 1238 806 1291 socom

139 1305 296 1374 Indicitque
307 1305 412 1368 forum,
424 1310 454 1357 et
463 1307 589 1372 patribus
600 1306 649 1356 dat
659 1308 725 1356 iura
736 1322 806 1359 voca

141 1376 214 1426 Tum
224 1377 315 1426 vicina
325 1376 407 1425 astris
416 1375 539 1440 Erycino
549 1377 577 1424 in
588 1377 693 1427 vertice
704 1377 792 1428 sedes

83 1440 132 1505 760
140 1443 287 1496 Fundetur
296 1444 401 1496 Veneri
412 1443 528 1505 Idaliae,
539 1442 704 1510 tumuloque
717 1461 806 1499 sacen

140 1517 179 1565 llo
189 1513 269 1564 lucus
280 1512 336 1564 late
346 1528 426 1563 sacer
435 1513 548 1563 additur
557 1511 701 1564 Anchiseo.

138 1584 252 1650 Iamque
263 1581 321 1632 dies
332 1581 446 1647 epulata
456 1595 553 1632 novem
564 1596 631 1648 gens
642 1584 749 1645 omnus,
760 1588 806 1634 etr

138 1651 242 1702 Factus
253 1648 355 1712 honos3
370 1650 472 1716 placidi
483 1655 641 1700 straverunt
651 1664 779 1717 aequora
790 1667 806 1701 r

140 1720 245 1770 Creber
261 1724 289 1769 et
299 1719 442 1785 adspirans
453 1734 549 1769 rursus
559 1725 641 1769 vocat
651 1720 756 1770 Auster
765 1722 797 1771 iu

82 1779 131 1851 755
140 1789 274 1840 Exoritur
285 1802 422 1853 procurva
431 1790 528 1854 ingens
538 1803 588 1854 per
598 1789 683 1838 litora
693 1787 795 1852 fletus3

141 1856 285 1921 Complexi
295 1858 368 1906 inter
378 1872 408 1906 se
418 1863 583 1924 noctemque
594 1858 724 1923 diemque
735 1873 806 1909 mom

107 1945 118 1958 κ
139 1925 219 1990 Ipsae
229 1925 284 1972 iam
295 1929 411 1985 matres,
422 1926 487 1989 ipsi,
499 1927 598 1992 quibus
609 1940 710 1990 aspera
722 1942 806 1993 quon«

139 1993 209 2044 VIsa
218 1992 303 2041 maris
314 1991 414 2052 l'acies,
425 2003 455 2042 et
464 2009 519 2043 non
531 1994 676 2045 tolerabile
688 2011 803 2057 nomen,

139 2060 185 2111 Ire
196 2054 307 2119 volunt,
318 2073 482 2127 omnemque
493 2061 575 2129 fugae
587 2061 712 2128 perferre
725 2064 806 2116 labor

80 2143 130 2197 770
141 2127 217 2187 Quos
227 2125 318 2177 bonus
328 2130 435 2176 Aeneas
447 2129 528 2177 dictis
538 2131 647 2180 solatur
658 2133 766 2195 amicis,

140 2197 178 2248 Et
188 2194 393 2258 consanguineo
404 2193 552 2246 lacrimans
563 2201 742 2250 commendat
750 2203 806 2254 Ace

141 2265 212 2315 Tres
224 2257 308 2329 Eryci
319 2262 434 2325 vitulos,
445 2269 474 2316 et
484 2266 709 2332 Tempestatibus
721 2285 806 2336 agnai

140 2331 263 2383 Caedere
274 2330 373 2382 deinde
384 2332 473 2395 iubet,
484 2333 612 2402 solvique
623 2351 656 2386 ex
668 2337 768 2390 ordine
781 2337 806 2388 lu

138 2401 214 2468 Ipse,
226 2403 309 2465 caput
318 2405 415 2451 tonsae
427 2400 501 2455 foliis
513 2404 637 2454 euinctus
647 2405 747 2469 olivae,

82 2463 131 2532 775
142 2468 224 2521 Stans
230 2468 330 2535 procul
339 2470 367 2519 in
374 2478 678 2536 prorepateramtcnet‚
685 2482 806 2542 extaque

141 2539 262 2590 Porricit
271 2539 299 2587 in
309 2536 424 2605 fluctus,
435 2554 467 2591 ac
476 2541 541 2590 vina
550 2540 687 2608 liquentia
698 2543 802 2595 fundit

141 2606 323 2675 Prosequitur
334 2623 450 2675 surgens
460 2625 478 2660 a
486 2611 572 2675 puppi
582 2618 680 2664 ventus
692 2620 801 2665 euntes.

143 2677 277 2728 Certatim
287 2678 355 2729 socii
366 2676 472 2731 feriunt
480 2694 569 2743 mare,
580 2684 609 2733 et
617 2697 743 2749 aequora
753 2698 806 2736 rer,
