1882 3052
130 143 184 195 rso
282 142 314 196 r.
331 141 516 196 vincum
538 122 729 198 moinonis

128 243 255 306 Funera,
265 250 323 295 tam
334 243 429 294 multis
441 244 584 296 viduasset
594 242 698 296 civibus
709 245 815 294 urbem.

129 315 237 376 Atros,
248 328 265 364 o
275 316 383 378 superi,
392 317 422 365 et
433 312 525 363 divum
536 319 566 364 tu
577 315 696 373 niaxime
707 318 801 363 rector

35 407 39 415 ¹
130 383 248 447 Iupiter,
258 381 381 442 Arcadii,
392 395 509 448 quaeso,
520 383 690 432 miserescite
701 382 786 446 regis,

130 451 169 502 Et
179 451 284 518 patries
293 449 388 500 audite
400 464 505 514 preces:
521 448 550 499 Si
562 450 675 510 nunrina
685 455 780 500 restra

70 520 121 590 575
131 519 300 572 lncolumem
312 518 441 569 Pallanta
451 516 529 579 mihi,
540 518 564 566 si
575 517 633 568 lata
643 524 797 578 reserarant,

130 587 159 640 Si
170 589 280 639 risurus
289 598 352 638 eum
363 588 438 648 rivo,
450 592 479 637 et
487 591 619 637 venturus
629 586 658 634 in
670 601 767 646 unum,

128 656 223 708 Vitam
234 669 297 717 or03
313 656 403 720 patiar
413 656 536 722 quemvis
547 654 648 704 durare
660 652 799 704 laborem:

129 724 177 776 Sin
187 724 308 791 aliquem
320 722 464 774 infandum
475 738 581 784 casuro,
592 720 731 785 Fortuna,
743 723 829 774 minar

126 793 221 855 Nune,
231 806 248 843 o
257 807 332 843 nunc
342 791 425 843 liceat
435 790 573 843 crudelem
585 791 752 855 abrumpere
764 793 827 851 nitar

69 866 119 921 580
129 862 202 912 Dum
214 875 297 912 curae
308 861 469 927 ambiguae,
478 859 544 910 dum
554 872 616 925 spes
626 860 735 910 incerta
745 858 829 912 futuri

126 930 200 980 Dum
211 935 254 991 te,
264 943 328 979 care
341 943 422 994 puer,
434 943 495 979 mea
505 943 569 980 sera
579 932 608 978 et
618 926 680 978 sola
690 927 829 994 voluptas

65 1059 71 1068 „
128 997 281 1063 Complexu
292 1003 387 1059 teneo;
403 999 558 1063 graviorne
570 997 684 1046 nuntius
695 1011 781 1048 aures

125 1065 272 1118 Vulnerat.
295 1067 370 1116 Haec
380 1067 490 1130 genitor
501 1064 628 1130 digressu
639 1064 715 1115 dicta
726 1079 828 1132 supren

126 1132 283 1185 Fundebat:
300 1132 396 1183 famuli
407 1132 558 1197 collapsum
571 1134 598 1181 in
609 1138 686 1183 tecta
696 1131 829 1185 ferebant

67 1202 118 1259 585
161 1202 274 1267 lamque
286 1199 355 1250 adeo
365 1200 473 1250 exierat
483 1203 571 1264 portis
581 1201 724 1265 equitatus
735 1204 829 1269 apertu

127 1273 234 1323 deneas
245 1269 318 1318 inter
330 1268 432 1333 primos
444 1273 472 1318 et
481 1268 552 1319 lidus
563 1267 695 1329 Achatem

128 1338 195 1391 lude
205 1337 252 1387 alii
264 1337 366 1387 Troiae
378 1350 521 1402 proceres;
536 1338 595 1403 ipse
606 1338 718 1404 agmine
730 1339 825 1391 Pallas

128 1409 161 1459 ln
172 1406 276 1467 medio,
287 1403 434 1470 chlamyde
445 1408 474 1458 et
483 1408 565 1472 pictis
575 1412 743 1471 conspectus
754 1410 784 1462 'ur
793 1423 829 1460 an

129 1475 241 1538 Qualis,
250 1475 296 1525 ubi
309 1475 411 1525 Oceani
422 1473 551 1540 perfusus
561 1473 675 1525 Lucifer
686 1477 773 1538 unda,

68 1548 120 1615 ⁵9⁰
130 1545 218 1606 Quem
228 1545 324 1596 Venus
335 1547 400 1594 ante
410 1543 480 1594 alios
490 1547 628 1594 astrorum
639 1542 735 1610 diligit
745 1547 829 1611 ignea

128 1611 239 1664 Extulit
249 1626 280 1663 os
290 1626 399 1662 sacrum
410 1611 501 1674 coelo,
511 1611 695 1678 tenebrasque
706 1614 829 1665 resolvit.

130 1680 365 1747 Stantparidaein
373 1681 574 1741 murismatres,
585 1680 829 1750 oculisquesequur

129 1748 293 1800 Pulveream
305 1749 404 1799 nubem
417 1755 446 1801 et
457 1748 594 1816 fulgentes
606 1763 671 1800 aere
682 1756 820 1803 catervas.

130 1817 187 1867 Olli
197 1831 246 1881 per
258 1817 369 1879 donnus,
381 1833 435 1884 qua
445 1819 571 1883 proxima
581 1821 656 1868 meta
665 1819 786 1883 viarum,

70 1886 120 1953 595
130 1886 235 1935 Armati
246 1885 372 1936 tendunt.
393 1889 419 1937 lt
429 1886 546 1948 clamor,
558 1892 585 1937 et
596 1888 705 1952 agmine
718 1886 794 1939 facto

75 1963 78 1967 ·
130 1953 365 2018 Quadrupedante
375 1964 484 2019 putrem
493 1959 585 2005 sonitu
598 1957 689 2021 quatit
698 1957 829 2024 ungulae

564 2039 617 2073 um.

127 2091 179 2141 Est
188 2089 283 2154 ingens
294 2088 416 2154 gelidum
428 2088 506 2140 lucus
518 2039 603 2157 prlrpe
615 2091 734 2142 Caeritis
746 2108 829 2144 amne

103 2215 108 2225 ι
128 2157 271 2222 Religione
282 2163 389 2221 patrum
402 2156 457 2208 late
467 2173 559 2222 sacer3
574 2160 695 2226 undique
705 2162 795 2213 colles

128 2224 269 2276 lnclusere
281 2225 339 2274 cari
351 2229 379 2275 et
390 2226 470 2290 nigra
479 2242 576 2278 nemus
587 2230 678 2279 abiete
689 2231 819 2296 cingunt;

70 2296 121 2343 600
130 2292 241 2344 Silvano
252 2291 325 2344 laura
336 2298 379 2343 est
388 2298 495 2346 veteres
505 2311 629 2348 sacrasse
642 2296 784 2363 Pelasgos,

129 2367 264 2415 Amorum
277 2363 438 2427 pecorisque
449 2363 515 2423 deo,
527 2364 675 2432 lucumque
686 2366 823 2434 diemque,

129 2433 182 2494 Qui
194 2430 272 2497 primi
285 2431 352 2480 lines
363 2430 512 2496 aliquando
524 2431 645 2485 habuere
656 2434 783 2485 Latinos.

126 2497 829 2568 Haudproculhinc'l'arclroet'syrrlrenitutatenrl

128 2571 226 2620 Castra
238 2568 319 2629 locis,
330 2567 460 2635 celsoque
472 2571 560 2621 omnis
571 2571 604 2622 de
616 2569 688 2622 colle
697 2572 786 2623 rideri

36 2629 39 2633 ’
69 2637 118 2688 605
127 2639 183 2688 lam
193 2643 303 2704 poterat
314 2637 400 2705 legio,
411 2643 439 2689 et
449 2638 513 2690 latis
524 2640 655 2694 tendebat
663 2641 693 2692 in
703 2643 786 2692 nr'ris.
