<?xml version="1.0" encoding="UTF-8"?>
<!DOCTYPE html PUBLIC "-//W3C//DTD XHTML 1.0 Transitional//EN"
    "http://www.w3.org/TR/xhtml1/DTD/xhtml1-transitional.dtd">
<html xmlns="http://www.w3.org/1999/xhtml" xml:lang="en" lang="en">
 <head>
  <title>
</title>
<meta http-equiv="Content-Type" content="text/html;charset=utf-8" />
  <meta name='ocr-system' content='tesseract 3.04.00' />
  <meta name='ocr-capabilities' content='ocr_page ocr_carea ocr_par ocr_line ocrx_word'/>
</head>
<body>
  <div class='ocr_page' id='page_1' title='image "./pvirgiliimaroni02virggoog/pvirgiliimaroni02virggoog_0351.png"; bbox 0 0 1882 3052; ppageno 0'>
   <div class='ocr_carea' id='block_1_1' title="bbox 144 96 744 197">
    <p class='ocr_par' dir='ltr' id='par_1_1' title="bbox 144 96 744 197">
     <span class='ocr_line' id='line_1_1' title="bbox 144 96 744 197; baseline -0.007 0"><span class='ocrx_word' id='word_1_1' title='bbox 144 142 197 197; x_wconf 84' lang='lat' dir='ltr'><strong>sra</strong></span> <span class='ocrx_word' id='word_1_2' title='bbox 300 143 331 195; x_wconf 78' lang='lat' dir='ltr'><strong>r.</strong></span> <span class='ocrx_word' id='word_1_3' title='bbox 349 140 531 195; x_wconf 78' lang='lat' dir='ltr'><strong>virumn</strong></span> <span class='ocrx_word' id='word_1_4' title='bbox 553 96 744 194; x_wconf 73' lang='lat' dir='ltr'><strong>sunnonis</strong></span> 
     </span>
    </p>
   </div>
   <div class='ocr_carea' id='block_1_2' title="bbox 32 243 826 2722">
    <p class='ocr_par' dir='ltr' id='par_1_2' title="bbox 32 243 826 2722">
     <span class='ocr_line' id='line_1_2' title="bbox 144 243 772 314; baseline -0.008 -16"><span class='ocrx_word' id='word_1_5' title='bbox 144 247 303 314; x_wconf 75' lang='lat' dir='ltr'>Messapus,</span> <span class='ocrx_word' id='word_1_6' title='bbox 313 245 426 314; x_wconf 90' lang='lat' dir='ltr'><strong>teloque</strong></span> <span class='ocrx_word' id='word_1_7' title='bbox 436 250 562 297; x_wconf 86' lang='lat' dir='ltr'><strong>orantem</strong></span> <span class='ocrx_word' id='word_1_8' title='bbox 572 244 662 296; x_wconf 85' lang='lat' dir='ltr'><strong>multa</strong></span> <span class='ocrx_word' id='word_1_9' title='bbox 669 243 772 296; x_wconf 78' lang='lat' dir='ltr'><strong>trabali</strong></span> 
     </span>
     <span class='ocr_line' id='line_1_3' title="bbox 87 312 826 433; baseline -0.009 -64"><span class='ocrx_word' id='word_1_10' title='bbox 87 315 271 384; x_wconf 76' lang='lat' dir='ltr'><strong>spfrllesuper</strong></span> <span class='ocrx_word' id='word_1_11' title='bbox 281 315 354 366; x_wconf 88' lang='lat' dir='ltr'><strong>altus</strong></span> <span class='ocrx_word' id='word_1_12' title='bbox 365 330 436 383; x_wconf 89' lang='lat' dir='ltr'><strong>equo</strong></span> <span class='ocrx_word' id='word_1_13' title='bbox 446 317 568 433; x_wconf 55' lang='lat' dir='ltr'><strong>praviter</strong></span> <span class='ocrx_word' id='word_1_14' title='bbox 577 314 655 375; x_wconf 82' lang='lat' dir='ltr'><strong>ferit,</strong></span> <span class='ocrx_word' id='word_1_15' title='bbox 670 320 754 381; x_wconf 88' lang='lat' dir='ltr'><strong>atque</strong></span> <span class='ocrx_word' id='word_1_16' title='bbox 764 314 808 363; x_wconf 90' lang='lat' dir='ltr'><strong>ita</strong></span> <span class='ocrx_word' id='word_1_17' title='bbox 818 312 826 362; x_wconf 89' lang='lat' dir='ltr'><strong>i</strong></span> 
     </span>
     <span class='ocr_line' id='line_1_4' title="bbox 144 382 817 450; baseline -0.006 -13"><span class='ocrx_word' id='word_1_18' title='bbox 144 385 207 437; x_wconf 85' lang='lat' dir='ltr'><strong>Hoo</strong></span> <span class='ocrx_word' id='word_1_19' title='bbox 217 382 313 447; x_wconf 80' lang='lat' dir='ltr'><strong>habet3</strong></span> <span class='ocrx_word' id='word_1_20' title='bbox 325 382 393 436; x_wconf 85' lang='lat' dir='ltr'><strong>haee</strong></span> <span class='ocrx_word' id='word_1_21' title='bbox 403 399 447 436; x_wconf 88' lang='lat' dir='ltr'><strong>me</strong></span> <span class='ocrx_word' id='word_1_22' title='bbox 459 386 502 435; x_wconf 89' lang='lat' dir='ltr'><strong>ior</strong></span> <span class='ocrx_word' id='word_1_23' title='bbox 512 385 619 450; x_wconf 84' lang='lat' dir='ltr'><strong>magnis</strong></span> <span class='ocrx_word' id='word_1_24' title='bbox 628 383 696 433; x_wconf 87' lang='lat' dir='ltr'><strong>data</strong></span> <span class='ocrx_word' id='word_1_25' title='bbox 704 382 817 433; x_wconf 68' lang='lat' dir='ltr'><strong>uictima</strong></span> 
     </span>
     <span class='ocr_line' id='line_1_5' title="bbox 146 449 826 520; baseline -0.006 -16"><span class='ocrx_word' id='word_1_26' title='bbox 146 455 319 504; x_wconf 84' lang='lat' dir='ltr'>Concurrunt</span> <span class='ocrx_word' id='word_1_27' title='bbox 328 453 407 516; x_wconf 82' lang='lat' dir='ltr'><strong>Itali,</strong></span> <span class='ocrx_word' id='word_1_28' title='bbox 416 452 591 520; x_wconf 75' lang='lat' dir='ltr'><strong>spoliantque</strong></span> <span class='ocrx_word' id='word_1_29' title='bbox 601 451 721 502; x_wconf 80' lang='lat' dir='ltr'><strong>calentia</strong></span> <span class='ocrx_word' id='word_1_30' title='bbox 730 449 826 502; x_wconf 66' lang='lat' dir='ltr'><strong>memb}</strong></span> 
     </span>
     <span class='ocr_line' id='line_1_6' title="bbox 146 521 813 586; baseline -0.006 -13"><span class='ocrx_word' id='word_1_31' title='bbox 146 522 249 573; x_wconf 75' lang='lat' dir='ltr'><strong>Obvius</strong></span> <span class='ocrx_word' id='word_1_32' title='bbox 259 523 415 573; x_wconf 86' lang='lat' dir='ltr'><strong>ambustum</strong></span> <span class='ocrx_word' id='word_1_33' title='bbox 426 528 532 572; x_wconf 85' lang='lat' dir='ltr'><strong>torrem</strong></span> <span class='ocrx_word' id='word_1_34' title='bbox 544 522 705 586; x_wconf 78' lang='lat' dir='ltr'><strong>Corynaeus</strong></span> <span class='ocrx_word' id='word_1_35' title='bbox 716 521 752 570; x_wconf 86' lang='lat' dir='ltr'><strong>ab</strong></span> <span class='ocrx_word' id='word_1_36' title='bbox 762 534 813 570; x_wconf 87' lang='lat' dir='ltr'><strong>ara</strong></span> 
     </span>
     <span class='ocr_line' id='line_1_7' title="bbox 147 587 825 656; baseline -0.004 -16"><span class='ocrx_word' id='word_1_37' title='bbox 147 591 279 656; x_wconf 77' lang='lat' dir='ltr'><strong>Corripit3</strong></span> <span class='ocrx_word' id='word_1_38' title='bbox 295 596 323 642; x_wconf 90' lang='lat' dir='ltr'><strong>et</strong></span> <span class='ocrx_word' id='word_1_39' title='bbox 335 592 456 642; x_wconf 78' lang='lat' dir='ltr'><strong>venienti</strong></span> <span class='ocrx_word' id='word_1_40' title='bbox 466 591 559 642; x_wconf 85' lang='lat' dir='ltr'><strong>Ebuso</strong></span> <span class='ocrx_word' id='word_1_41' title='bbox 569 589 734 656; x_wconf 83' lang='lat' dir='ltr'><strong>plagamque</strong></span> <span class='ocrx_word' id='word_1_42' title='bbox 746 587 825 640; x_wconf 86' lang='lat' dir='ltr'><strong>feren</strong></span> 
     </span>
     <span class='ocr_line' id='line_1_8' title="bbox 85 657 826 724; baseline -0.012 -9"><span class='ocrx_word' id='word_1_43' title='bbox 85 662 136 715; x_wconf 75' lang='lat'><strong>500</strong></span> <span class='ocrx_word' id='word_1_44' title='bbox 146 660 268 723; x_wconf 85' lang='lat' dir='ltr'><strong>Occupat</strong></span> <span class='ocrx_word' id='word_1_45' title='bbox 278 673 310 710; x_wconf 89' lang='lat' dir='ltr'><strong>os</strong></span> <span class='ocrx_word' id='word_1_46' title='bbox 320 659 446 711; x_wconf 82' lang='lat' dir='ltr'><strong>flammis.</strong></span> <span class='ocrx_word' id='word_1_47' title='bbox 467 658 523 710; x_wconf 89' lang='lat' dir='ltr'><strong>Olli</strong></span> <span class='ocrx_word' id='word_1_48' title='bbox 533 660 630 724; x_wconf 85' lang='lat' dir='ltr'><strong>ingens</strong></span> <span class='ocrx_word' id='word_1_49' title='bbox 640 659 727 711; x_wconf 81' lang='lat' dir='ltr'><strong>barba</strong></span> <span class='ocrx_word' id='word_1_50' title='bbox 735 657 826 709; x_wconf 86' lang='lat' dir='ltr'><strong>reluxi</strong></span> 
     </span>
     <span class='ocr_line' id='line_1_9' title="bbox 144 725 826 794; baseline -0.007 -14"><span class='ocrx_word' id='word_1_51' title='bbox 144 727 330 794; x_wconf 86' lang='lat' dir='ltr'><strong>Nidorernque</strong></span> <span class='ocrx_word' id='word_1_52' title='bbox 340 729 467 780; x_wconf 86' lang='lat' dir='ltr'><strong>ambusta</strong></span> <span class='ocrx_word' id='word_1_53' title='bbox 476 727 560 778; x_wconf 81' lang='lat' dir='ltr'><strong>dedit.</strong></span> <span class='ocrx_word' id='word_1_54' title='bbox 582 725 673 791; x_wconf 90' lang='lat' dir='ltr'><strong>Super</strong></span> <span class='ocrx_word' id='word_1_55' title='bbox 682 729 742 791; x_wconf 91' lang='lat' dir='ltr'><strong>ipse</strong></span> <span class='ocrx_word' id='word_1_56' title='bbox 752 730 826 777; x_wconf 81' lang='lat' dir='ltr'><strong>secut</strong></span> 
     </span>
     <span class='ocr_line' id='line_1_10' title="bbox 146 792 782 859; baseline -0.005 -12"><span class='ocrx_word' id='word_1_57' title='bbox 146 794 302 851; x_wconf 71' lang='lat' dir='ltr'><strong>Caesarium</strong></span> <span class='ocrx_word' id='word_1_58' title='bbox 311 796 392 848; x_wconf 86' lang='lat' dir='ltr'><strong>laeva</strong></span> <span class='ocrx_word' id='word_1_59' title='bbox 401 796 506 848; x_wconf 85' lang='lat' dir='ltr'><strong>turbati</strong></span> <span class='ocrx_word' id='word_1_60' title='bbox 516 796 631 859; x_wconf 84' lang='lat' dir='ltr'><strong>corripit</strong></span> <span class='ocrx_word' id='word_1_61' title='bbox 641 792 738 856; x_wconf 89' lang='lat' dir='ltr'><strong>hostis,</strong></span> <span class='ocrx_word' id='word_1_62' title='bbox 776 806 782 817; x_wconf 86' lang='lat'>&#39;</span> 
     </span>
     <span class='ocr_line' id='line_1_11' title="bbox 143 863 826 939; baseline -0.006 -23"><span class='ocrx_word' id='word_1_63' title='bbox 143 866 335 931; x_wconf 84' lang='lat' dir='ltr'><strong>impressoque</strong></span> <span class='ocrx_word' id='word_1_64' title='bbox 345 880 419 939; x_wconf 77' lang='lat' dir='ltr'><strong>genu</strong></span> <span class='ocrx_word' id='word_1_65' title='bbox 430 865 520 915; x_wconf 88' lang='lat' dir='ltr'><strong>nitens</strong></span> <span class='ocrx_word' id='word_1_66' title='bbox 529 868 623 914; x_wconf 89' lang='lat' dir='ltr'><strong>terrae</strong></span> <span class='ocrx_word' id='word_1_67' title='bbox 633 863 758 929; x_wconf 85' lang='lat' dir='ltr'><strong>applicat</strong></span> <span class='ocrx_word' id='word_1_68' title='bbox 766 864 826 929; x_wconf 88' lang='lat' dir='ltr'><strong>ipsu</strong></span> 
     </span>
     <span class='ocr_line' id='line_1_12' title="bbox 144 930 814 1001; baseline -0.001 -17"><span class='ocrx_word' id='word_1_69' title='bbox 144 932 190 985; x_wconf 84' lang='lat' dir='ltr'><strong>Sic</strong></span> <span class='ocrx_word' id='word_1_70' title='bbox 199 933 289 1000; x_wconf 84' lang='lat' dir='ltr'><strong>rigido</strong></span> <span class='ocrx_word' id='word_1_71' title='bbox 298 933 371 984; x_wconf 89' lang='lat' dir='ltr'><strong>latus</strong></span> <span class='ocrx_word' id='word_1_72' title='bbox 382 948 446 985; x_wconf 84' lang='lat' dir='ltr'><strong>ense</strong></span> <span class='ocrx_word' id='word_1_73' title='bbox 457 932 530 984; x_wconf 84' lang='lat' dir='ltr'><strong>ferit.</strong></span> <span class='ocrx_word' id='word_1_74' title='bbox 551 930 706 1001; x_wconf 76' lang='lat' dir='ltr'><strong>Podqlirius</strong></span> <span class='ocrx_word' id='word_1_75' title='bbox 716 933 814 983; x_wconf 83' lang='lat' dir='ltr'><strong>Alsum</strong></span> 
     </span>
     <span class='ocr_line' id='line_1_13' title="bbox 86 1001 800 1069; baseline -0.003 -16"><span class='ocrx_word' id='word_1_76' title='bbox 86 1001 135 1053; x_wconf 81' lang='lat'><strong>505</strong></span> <span class='ocrx_word' id='word_1_77' title='bbox 143 1001 300 1064; x_wconf 79' lang='lat' dir='ltr'><strong>Pastorem,</strong></span> <span class='ocrx_word' id='word_1_78' title='bbox 311 1004 455 1069; x_wconf 79' lang='lat' dir='ltr'><strong>primaque</strong></span> <span class='ocrx_word' id='word_1_79' title='bbox 466 1003 525 1052; x_wconf 87' lang='lat' dir='ltr'><strong>aoie</strong></span> <span class='ocrx_word' id='word_1_80' title='bbox 536 1015 585 1067; x_wconf 88' lang='lat' dir='ltr'><strong>per</strong></span> <span class='ocrx_word' id='word_1_81' title='bbox 594 1002 653 1052; x_wconf 89' lang='lat' dir='ltr'><strong>tela</strong></span> <span class='ocrx_word' id='word_1_82' title='bbox 661 1006 800 1064; x_wconf 88' lang='lat' dir='ltr'><strong>ruentem,</strong></span> 
     </span>
     <span class='ocr_line' id='line_1_14' title="bbox 143 1069 826 1138; baseline -0.003 -16"><span class='ocrx_word' id='word_1_83' title='bbox 143 1071 217 1123; x_wconf 85' lang='lat' dir='ltr'><strong>Ense</strong></span> <span class='ocrx_word' id='word_1_84' title='bbox 226 1084 342 1138; x_wconf 84' lang='lat' dir='ltr'><strong>sequens</strong></span> <span class='ocrx_word' id='word_1_85' title='bbox 353 1070 428 1121; x_wconf 91' lang='lat' dir='ltr'><strong>nudo</strong></span> <span class='ocrx_word' id='word_1_86' title='bbox 439 1071 659 1136; x_wconf 74' lang='lat' dir='ltr'><strong>superimminetz</strong></span> <span class='ocrx_word' id='word_1_87' title='bbox 674 1069 724 1122; x_wconf 89' lang='lat' dir='ltr'><strong>ille</strong></span> <span class='ocrx_word' id='word_1_88' title='bbox 735 1072 826 1121; x_wconf 83' lang='lat' dir='ltr'><strong>securi</strong></span> 
     </span>
     <span class='ocr_line' id='line_1_15' title="bbox 143 1138 826 1206; baseline -0.003 -14"><span class='ocrx_word' id='word_1_89' title='bbox 143 1140 259 1192; x_wconf 78' lang='lat' dir='ltr'><strong>Adversi</strong></span> <span class='ocrx_word' id='word_1_90' title='bbox 269 1138 386 1190; x_wconf 86' lang='lat' dir='ltr'><strong>frontem</strong></span> <span class='ocrx_word' id='word_1_91' title='bbox 397 1139 515 1190; x_wconf 88' lang='lat' dir='ltr'><strong>mediam</strong></span> <span class='ocrx_word' id='word_1_92' title='bbox 527 1144 704 1206; x_wconf 90' lang='lat' dir='ltr'><strong>mentumque</strong></span> <span class='ocrx_word' id='word_1_93' title='bbox 714 1139 826 1191; x_wconf 80' lang='lat' dir='ltr'><strong>reducta</strong></span> 
     </span>
     <span class='ocr_line' id='line_1_16' title="bbox 143 1207 766 1275; baseline 0.002 -16"><span class='ocrx_word' id='word_1_94' title='bbox 143 1207 265 1268; x_wconf 64' lang='lat' dir='ltr'><strong>Didicit,</strong></span> <span class='ocrx_word' id='word_1_95' title='bbox 275 1212 304 1259; x_wconf 87' lang='lat' dir='ltr'><strong>et</strong></span> <span class='ocrx_word' id='word_1_96' title='bbox 313 1220 411 1272; x_wconf 86' lang='lat' dir='ltr'><strong>sparso</strong></span> <span class='ocrx_word' id='word_1_97' title='bbox 422 1207 479 1259; x_wconf 88' lang='lat' dir='ltr'><strong>late</strong></span> <span class='ocrx_word' id='word_1_98' title='bbox 489 1208 562 1275; x_wconf 83' lang='lat' dir='ltr'><strong>rigat</strong></span> <span class='ocrx_word' id='word_1_99' title='bbox 571 1224 647 1259; x_wconf 87' lang='lat' dir='ltr'><strong>arma</strong></span> <span class='ocrx_word' id='word_1_100' title='bbox 657 1223 766 1260; x_wconf 87' lang='lat' dir='ltr'><strong>eruore.</strong></span> 
     </span>
     <span class='ocr_line' id='line_1_17' title="bbox 145 1270 734 1345; baseline -0.003 -15"><span class='ocrx_word' id='word_1_101' title='bbox 145 1270 202 1331; x_wconf 84' lang='lat' dir='ltr'><strong>Olli</strong></span> <span class='ocrx_word' id='word_1_102' title='bbox 213 1275 284 1327; x_wconf 86' lang='lat' dir='ltr'><strong>dura</strong></span> <span class='ocrx_word' id='word_1_103' title='bbox 294 1277 372 1343; x_wconf 89' lang='lat' dir='ltr'><strong>quies</strong></span> <span class='ocrx_word' id='word_1_104' title='bbox 383 1276 480 1328; x_wconf 87' lang='lat' dir='ltr'><strong>oculos</strong></span> <span class='ocrx_word' id='word_1_105' title='bbox 490 1283 519 1327; x_wconf 86' lang='lat' dir='ltr'><strong>et</strong></span> <span class='ocrx_word' id='word_1_106' title='bbox 529 1277 636 1329; x_wconf 84' lang='lat' dir='ltr'><strong>ferreus</strong></span> <span class='ocrx_word' id='word_1_107' title='bbox 647 1283 734 1345; x_wconf 82' lang='lat' dir='ltr'><strong>urget</strong></span> 
     </span>
     <span class='ocr_line' id='line_1_18' title="bbox 85 1343 826 1408; baseline 0.001 -12"><span class='ocrx_word' id='word_1_108' title='bbox 85 1345 135 1396; x_wconf 76' lang='lat'><strong>510</strong></span> <span class='ocrx_word' id='word_1_109' title='bbox 144 1343 278 1408; x_wconf 60' lang='lat' dir='ltr'><strong>Somnum</strong></span> <span class='ocrx_word' id='word_1_110' title='bbox 291 1347 320 1395; x_wconf 95' lang='lat' dir='ltr'><strong>in</strong></span> <span class='ocrx_word' id='word_1_111' title='bbox 330 1351 473 1399; x_wconf 84' lang='lat' dir='ltr'><strong>aeternam</strong></span> <span class='ocrx_word' id='word_1_112' title='bbox 482 1345 651 1398; x_wconf 87' lang='lat' dir='ltr'><strong>clauduntur</strong></span> <span class='ocrx_word' id='word_1_113' title='bbox 661 1347 771 1398; x_wconf 87' lang='lat' dir='ltr'><strong>lumina</strong></span> <span class='ocrx_word' id='word_1_114' title='bbox 780 1360 826 1397; x_wconf 80' lang='lat' dir='ltr'><strong>nor</strong></span> 
     </span>
     <span class='ocr_line' id='line_1_19' title="bbox 178 1415 826 1480; baseline -0.003 -12"><span class='ocrx_word' id='word_1_115' title='bbox 178 1416 214 1469; x_wconf 78' lang='lat' dir='ltr'><strong>at</strong></span> <span class='ocrx_word' id='word_1_116' title='bbox 223 1415 286 1480; x_wconf 88' lang='lat' dir='ltr'><strong>pius</strong></span> <span class='ocrx_word' id='word_1_117' title='bbox 296 1415 403 1466; x_wconf 85' lang='lat' dir='ltr'><strong>Aeneas</strong></span> <span class='ocrx_word' id='word_1_118' title='bbox 413 1415 540 1467; x_wconf 82' lang='lat' dir='ltr'><strong>dextram</strong></span> <span class='ocrx_word' id='word_1_119' title='bbox 550 1415 685 1467; x_wconf 86' lang='lat' dir='ltr'><strong>tendebat</strong></span> <span class='ocrx_word' id='word_1_120' title='bbox 693 1417 826 1467; x_wconf 87' lang='lat' dir='ltr'><strong>inermem</strong></span> 
     </span>
     <span class='ocr_line' id='line_1_20' title="bbox 143 1481 813 1584; baseline -0.003 -49"><span class='ocrx_word' id='word_1_121' title='bbox 143 1481 255 1535; x_wconf 89' lang='lat' dir='ltr'><strong>Nudato</strong></span> <span class='ocrx_word' id='word_1_122' title='bbox 266 1485 369 1584; x_wconf 71' lang='lat' dir='ltr'><strong>eapite,</strong></span> <span class='ocrx_word' id='word_1_123' title='bbox 379 1489 464 1552; x_wconf 88' lang='lat' dir='ltr'><strong>atque</strong></span> <span class='ocrx_word' id='word_1_124' title='bbox 474 1498 540 1535; x_wconf 88' lang='lat' dir='ltr'><strong>suos</strong></span> <span class='ocrx_word' id='word_1_125' title='bbox 551 1483 672 1547; x_wconf 84' lang='lat' dir='ltr'><strong>clamore</strong></span> <span class='ocrx_word' id='word_1_126' title='bbox 683 1486 813 1536; x_wconf 78' lang='lat' dir='ltr'><strong>vocabat:</strong></span> 
     </span>
     <span class='ocr_line' id='line_1_21' title="bbox 142 1552 826 1621; baseline 0.004 -20"><span class='ocrx_word' id='word_1_127' title='bbox 142 1552 206 1613; x_wconf 73' lang='lat' dir='ltr'><strong>Quo</strong></span> <span class='ocrx_word' id='word_1_128' title='bbox 215 1553 310 1603; x_wconf 81' lang='lat' dir='ltr'><strong>ruitis.</strong></span> <span class='ocrx_word' id='word_1_129' title='bbox 328 1567 432 1619; x_wconf 87' lang='lat' dir='ltr'><strong>quaeve</strong></span> <span class='ocrx_word' id='word_1_130' title='bbox 443 1555 497 1604; x_wconf 90' lang='lat' dir='ltr'><strong>ista</strong></span> <span class='ocrx_word' id='word_1_131' title='bbox 505 1567 603 1618; x_wconf 86' lang='lat' dir='ltr'><strong>repens</strong></span> <span class='ocrx_word' id='word_1_132' title='bbox 615 1553 754 1604; x_wconf 83' lang='lat' dir='ltr'><strong>discordia</strong></span> <span class='ocrx_word' id='word_1_133' title='bbox 763 1568 826 1621; x_wconf 81' lang='lat' dir='ltr'><strong>surg</strong></span> 
     </span>
     <span class='ocr_line' id='line_1_22' title="bbox 144 1619 813 1684; baseline 0.003 -14"><span class='ocrx_word' id='word_1_134' title='bbox 144 1622 167 1671; x_wconf 95' lang='lat'>0</span> <span class='ocrx_word' id='word_1_135' title='bbox 179 1619 303 1673; x_wconf 83' lang='lat' dir='ltr'><strong>cohibete</strong></span> <span class='ocrx_word' id='word_1_136' title='bbox 313 1619 381 1672; x_wconf 83' lang='lat' dir='ltr'><strong>iras!</strong></span> <span class='ocrx_word' id='word_1_137' title='bbox 396 1623 481 1673; x_wconf 82' lang='lat' dir='ltr'><strong>ictum</strong></span> <span class='ocrx_word' id='word_1_138' title='bbox 491 1625 545 1672; x_wconf 90' lang='lat' dir='ltr'><strong>iam</strong></span> <span class='ocrx_word' id='word_1_139' title='bbox 556 1621 666 1684; x_wconf 81' lang='lat' dir='ltr'><strong>foedus,</strong></span> <span class='ocrx_word' id='word_1_140' title='bbox 677 1628 707 1674; x_wconf 89' lang='lat' dir='ltr'><strong>et</strong></span> <span class='ocrx_word' id='word_1_141' title='bbox 717 1636 813 1674; x_wconf 86' lang='lat' dir='ltr'><strong>omnes</strong></span> 
     </span>
     <span class='ocr_line' id='line_1_23' title="bbox 84 1689 807 1758; baseline 0.006 -21"><span class='ocrx_word' id='word_1_142' title='bbox 84 1693 133 1744; x_wconf 81' lang='lat'><strong>315</strong></span> <span class='ocrx_word' id='word_1_143' title='bbox 143 1689 318 1754; x_wconf 78' lang='lat' dir='ltr'><strong>Compositae</strong></span> <span class='ocrx_word' id='word_1_144' title='bbox 328 1689 417 1758; x_wconf 80' lang='lat' dir='ltr'><strong>leges3</strong></span> <span class='ocrx_word' id='word_1_145' title='bbox 432 1689 498 1740; x_wconf 89' lang='lat' dir='ltr'><strong>mihi</strong></span> <span class='ocrx_word' id='word_1_146' title='bbox 509 1692 552 1739; x_wconf 91' lang='lat' dir='ltr'><strong>ins</strong></span> <span class='ocrx_word' id='word_1_147' title='bbox 563 1704 728 1742; x_wconf 85' lang='lat' dir='ltr'><strong>concurrere</strong></span> <span class='ocrx_word' id='word_1_148' title='bbox 739 1692 807 1753; x_wconf 81' lang='lat' dir='ltr'><strong>soli3</strong></span> 
     </span>
     <span class='ocr_line' id='line_1_24' title="bbox 142 1757 826 1826; baseline 0.003 -18"><span class='ocrx_word' id='word_1_149' title='bbox 142 1757 190 1809; x_wconf 86' lang='lat' dir='ltr'><strong>Me</strong></span> <span class='ocrx_word' id='word_1_150' title='bbox 201 1759 295 1821; x_wconf 83' lang='lat' dir='ltr'><strong>sinite,</strong></span> <span class='ocrx_word' id='word_1_151' title='bbox 310 1764 393 1825; x_wconf 89' lang='lat' dir='ltr'><strong>atque</strong></span> <span class='ocrx_word' id='word_1_152' title='bbox 404 1759 512 1811; x_wconf 85' lang='lat' dir='ltr'><strong>auferte</strong></span> <span class='ocrx_word' id='word_1_153' title='bbox 523 1766 620 1810; x_wconf 85' lang='lat' dir='ltr'><strong>metus.</strong></span> <span class='ocrx_word' id='word_1_154' title='bbox 640 1762 700 1826; x_wconf 84' lang='lat' dir='ltr'><strong>Ego</strong></span> <span class='ocrx_word' id='word_1_155' title='bbox 711 1759 826 1811; x_wconf 78' lang='lat' dir='ltr'><strong>foedera</strong></span> 
     </span>
     <span class='ocr_line' id='line_1_25' title="bbox 141 1827 826 1890; baseline 0.003 -12"><span class='ocrx_word' id='word_1_156' title='bbox 141 1827 235 1878; x_wconf 87' lang='lat' dir='ltr'><strong>Firma</strong></span> <span class='ocrx_word' id='word_1_157' title='bbox 244 1842 340 1890; x_wconf 87' lang='lat' dir='ltr'><strong>manu;</strong></span> <span class='ocrx_word' id='word_1_158' title='bbox 351 1829 475 1879; x_wconf 78' lang='lat' dir='ltr'><strong>&#39;rurnum</strong></span> <span class='ocrx_word' id='word_1_159' title='bbox 486 1830 541 1878; x_wconf 89' lang='lat' dir='ltr'><strong>iam</strong></span> <span class='ocrx_word' id='word_1_160' title='bbox 552 1827 654 1879; x_wconf 87' lang='lat' dir='ltr'><strong>debent</strong></span> <span class='ocrx_word' id='word_1_161' title='bbox 664 1828 733 1880; x_wconf 88' lang='lat' dir='ltr'><strong>haec</strong></span> <span class='ocrx_word' id='word_1_162' title='bbox 743 1827 826 1880; x_wconf 84' lang='lat' dir='ltr'><strong>mihis</strong></span> 
     </span>
     <span class='ocr_line' id='line_1_26' title="bbox 142 1895 754 1960; baseline 0.005 -15"><span class='ocrx_word' id='word_1_163' title='bbox 142 1896 202 1945; x_wconf 88' lang='lat' dir='ltr'><strong>llas</strong></span> <span class='ocrx_word' id='word_1_164' title='bbox 212 1895 386 1958; x_wconf 69' lang='lat' dir='ltr'><strong>intormem,</strong></span> <span class='ocrx_word' id='word_1_165' title='bbox 397 1897 488 1948; x_wconf 88' lang='lat' dir='ltr'><strong>media</strong></span> <span class='ocrx_word' id='word_1_166' title='bbox 498 1898 571 1946; x_wconf 86' lang='lat' dir='ltr'><strong>inter</strong></span> <span class='ocrx_word' id='word_1_167' title='bbox 581 1897 650 1947; x_wconf 88' lang='lat' dir='ltr'><strong>talia</strong></span> <span class='ocrx_word' id='word_1_168' title='bbox 660 1898 754 1960; x_wconf 83' lang='lat' dir='ltr'><strong>rerba,</strong></span> 
     </span>
     <span class='ocr_line' id='line_1_27' title="bbox 142 1964 782 2032; baseline 0.005 -18"><span class='ocrx_word' id='word_1_169' title='bbox 142 1964 225 2024; x_wconf 85' lang='lat' dir='ltr'><strong>Ecce,</strong></span> <span class='ocrx_word' id='word_1_170' title='bbox 236 1965 295 2014; x_wconf 75' lang='lat' dir='ltr'><strong>siro</strong></span> <span class='ocrx_word' id='word_1_171' title='bbox 309 1964 430 2015; x_wconf 85' lang='lat' dir='ltr'><strong>stridens</strong></span> <span class='ocrx_word' id='word_1_172' title='bbox 440 1965 491 2015; x_wconf 89' lang='lat' dir='ltr'><strong>alis</strong></span> <span class='ocrx_word' id='word_1_173' title='bbox 502 1965 608 2031; x_wconf 87' lang='lat' dir='ltr'><strong>allapsa</strong></span> <span class='ocrx_word' id='word_1_174' title='bbox 618 1967 723 2032; x_wconf 83' lang='lat' dir='ltr'><strong>sagitta</strong></span> <span class='ocrx_word' id='word_1_175' title='bbox 732 1973 782 2030; x_wconf 80' lang='lat' dir='ltr'><strong>est,</strong></span> 
     </span>
     <span class='ocr_line' id='line_1_28' title="bbox 84 2032 826 2100; baseline 0.003 -18"><span class='ocrx_word' id='word_1_176' title='bbox 84 2033 134 2083; x_wconf 84' lang='lat'><strong>520</strong></span> <span class='ocrx_word' id='word_1_177' title='bbox 142 2032 294 2093; x_wconf 81' lang='lat' dir='ltr'><strong>incertum,</strong></span> <span class='ocrx_word' id='word_1_178' title='bbox 304 2047 359 2098; x_wconf 88' lang='lat' dir='ltr'><strong>qua</strong></span> <span class='ocrx_word' id='word_1_179' title='bbox 369 2033 450 2097; x_wconf 84' lang='lat' dir='ltr'><strong>pulsa</strong></span> <span class='ocrx_word' id='word_1_180' title='bbox 459 2048 555 2095; x_wconf 89' lang='lat' dir='ltr'><strong>manu,</strong></span> <span class='ocrx_word' id='word_1_181' title='bbox 567 2048 620 2100; x_wconf 93' lang='lat' dir='ltr'><strong>quo</strong></span> <span class='ocrx_word' id='word_1_182' title='bbox 631 2036 743 2088; x_wconf 85' lang='lat' dir='ltr'><strong>turbine</strong></span> <span class='ocrx_word' id='word_1_183' title='bbox 755 2036 826 2086; x_wconf 76' lang='lat' dir='ltr'><strong>adad</strong></span> 
     </span>
     <span class='ocr_line' id='line_1_29' title="bbox 144 2099 826 2166; baseline 0.013 -19"><span class='ocrx_word' id='word_1_184' title='bbox 144 2099 210 2161; x_wconf 78' lang='lat' dir='ltr'><strong>Quis</strong></span> <span class='ocrx_word' id='word_1_185' title='bbox 220 2103 327 2151; x_wconf 86' lang='lat' dir='ltr'><strong>tantam</strong></span> <span class='ocrx_word' id='word_1_186' title='bbox 338 2100 448 2150; x_wconf 83' lang='lat' dir='ltr'><strong>Rutulis</strong></span> <span class='ocrx_word' id='word_1_187' title='bbox 459 2101 582 2164; x_wconf 88' lang='lat' dir='ltr'><strong>laudem,</strong></span> <span class='ocrx_word' id='word_1_188' title='bbox 594 2117 724 2166; x_wconf 84' lang='lat' dir='ltr'><strong>casusne,</strong></span> <span class='ocrx_word' id='word_1_189' title='bbox 736 2105 826 2156; x_wconf 85' lang='lat' dir='ltr'><strong>deusm</strong></span> 
     </span>
     <span class='ocr_line' id='line_1_30' title="bbox 141 2166 773 2237; baseline 0.009 -19"><span class='ocrx_word' id='word_1_190' title='bbox 141 2166 281 2218; x_wconf 78' lang='lat' dir='ltr'><strong>Attulerit</strong></span> <span class='ocrx_word' id='word_1_191' title='bbox 302 2166 400 2218; x_wconf 79' lang='lat' dir='ltr'><strong>Pressa</strong></span> <span class='ocrx_word' id='word_1_192' title='bbox 411 2173 454 2218; x_wconf 87' lang='lat' dir='ltr'><strong>est</strong></span> <span class='ocrx_word' id='word_1_193' title='bbox 462 2171 578 2236; x_wconf 82' lang='lat' dir='ltr'><strong>insignis</strong></span> <span class='ocrx_word' id='word_1_194' title='bbox 589 2171 680 2237; x_wconf 86' lang='lat' dir='ltr'><strong>gloria</strong></span> <span class='ocrx_word' id='word_1_195' title='bbox 691 2173 773 2235; x_wconf 82' lang='lat' dir='ltr'><strong>faeti3</strong></span> 
     </span>
     <span class='ocr_line' id='line_1_31' title="bbox 140 2234 799 2309; baseline 0.006 -22"><span class='ocrx_word' id='word_1_196' title='bbox 140 2234 198 2288; x_wconf 86' lang='lat' dir='ltr'><strong>Nec</strong></span> <span class='ocrx_word' id='word_1_197' title='bbox 207 2249 268 2285; x_wconf 87' lang='lat' dir='ltr'><strong>sese</strong></span> <span class='ocrx_word' id='word_1_198' title='bbox 278 2236 388 2286; x_wconf 81' lang='lat' dir='ltr'><strong>Aeneae</strong></span> <span class='ocrx_word' id='word_1_199' title='bbox 398 2237 512 2287; x_wconf 83' lang='lat' dir='ltr'><strong>iactavit</strong></span> <span class='ocrx_word' id='word_1_200' title='bbox 521 2238 636 2290; x_wconf 76' lang='lat' dir='ltr'><strong>vulnere</strong></span> <span class='ocrx_word' id='word_1_201' title='bbox 646 2241 799 2309; x_wconf 86' lang='lat' dir='ltr'><strong>quisquam.</strong></span> 
     </span>
     <span class='ocr_line' id='line_1_32' title="bbox 140 2304 826 2375; baseline 0.007 -20"><span class='ocrx_word' id='word_1_202' title='bbox 140 2305 266 2366; x_wconf 88' lang='lat' dir='ltr'><strong>Turnus,</strong></span> <span class='ocrx_word' id='word_1_203' title='bbox 275 2307 307 2365; x_wconf 86' lang='lat' dir='ltr'><strong>ut</strong></span> <span class='ocrx_word' id='word_1_204' title='bbox 316 2304 427 2356; x_wconf 81' lang='lat' dir='ltr'><strong>Aenean</strong></span> <span class='ocrx_word' id='word_1_205' title='bbox 439 2306 584 2358; x_wconf 85' lang='lat' dir='ltr'><strong>cedentem</strong></span> <span class='ocrx_word' id='word_1_206' title='bbox 596 2323 630 2359; x_wconf 84' lang='lat' dir='ltr'><strong>ex</strong></span> <span class='ocrx_word' id='word_1_207' title='bbox 640 2311 751 2375; x_wconf 79' lang='lat' dir='ltr'><strong>agmine</strong></span> <span class='ocrx_word' id='word_1_208' title='bbox 759 2310 826 2361; x_wconf 76' lang='lat' dir='ltr'><strong>uidit</strong></span> 
     </span>
     <span class='ocr_line' id='line_1_33' title="bbox 85 2363 826 2442; baseline 0.007 -19"><span class='ocrx_word' id='word_1_209' title='bbox 85 2363 132 2417; x_wconf 76' lang='lat'><strong>325</strong></span> <span class='ocrx_word' id='word_1_210' title='bbox 141 2374 335 2440; x_wconf 87' lang='lat' dir='ltr'><strong>Turbatosque</strong></span> <span class='ocrx_word' id='word_1_211' title='bbox 345 2373 441 2435; x_wconf 86' lang='lat' dir='ltr'><strong>duces,</strong></span> <span class='ocrx_word' id='word_1_212' title='bbox 451 2376 544 2426; x_wconf 88' lang='lat' dir='ltr'><strong>subita</strong></span> <span class='ocrx_word' id='word_1_213' title='bbox 553 2391 601 2442; x_wconf 82' lang='lat' dir='ltr'><strong>spe</strong></span> <span class='ocrx_word' id='word_1_214' title='bbox 612 2377 734 2428; x_wconf 85' lang='lat' dir='ltr'><strong>fervidus</strong></span> <span class='ocrx_word' id='word_1_215' title='bbox 744 2379 826 2430; x_wconf 86' lang='lat' dir='ltr'><strong>ardet</strong></span> 
     </span>
     <span class='ocr_line' id='line_1_34' title="bbox 141 2442 826 2514; baseline 0.006 -19"><span class='ocrx_word' id='word_1_216' title='bbox 141 2442 235 2495; x_wconf 72' lang='lat' dir='ltr'><strong>Posuit</strong></span> <span class='ocrx_word' id='word_1_217' title='bbox 243 2455 337 2509; x_wconf 86' lang='lat' dir='ltr'><strong>equos,</strong></span> <span class='ocrx_word' id='word_1_218' title='bbox 347 2448 430 2510; x_wconf 84' lang='lat' dir='ltr'><strong>atque</strong></span> <span class='ocrx_word' id='word_1_219' title='bbox 441 2445 617 2507; x_wconf 85' lang='lat' dir='ltr'><strong>armasimul,</strong></span> <span class='ocrx_word' id='word_1_220' title='bbox 628 2446 757 2514; x_wconf 83' lang='lat' dir='ltr'><strong>saltuque</strong></span> <span class='ocrx_word' id='word_1_221' title='bbox 767 2462 826 2514; x_wconf 72' lang='lat' dir='ltr'><strong>supr</strong></span> 
     </span>
     <span class='ocr_line' id='line_1_35' title="bbox 32 2512 826 2576; baseline 0.006 -13"><span class='ocrx_word' id='word_1_222' title='bbox 32 2560 36 2569; x_wconf 88' lang='grc'><em>,</em></span> <span class='ocrx_word' id='word_1_223' title='bbox 141 2513 251 2564; x_wconf 87' lang='lat' dir='ltr'><strong>Emicat</strong></span> <span class='ocrx_word' id='word_1_224' title='bbox 260 2512 289 2561; x_wconf 90' lang='lat' dir='ltr'><strong>in</strong></span> <span class='ocrx_word' id='word_1_225' title='bbox 298 2524 421 2576; x_wconf 78' lang='lat' dir='ltr'><strong>currum,</strong></span> <span class='ocrx_word' id='word_1_226' title='bbox 432 2518 461 2564; x_wconf 89' lang='lat' dir='ltr'><strong>et</strong></span> <span class='ocrx_word' id='word_1_227' title='bbox 470 2515 594 2564; x_wconf 77' lang='lat' dir='ltr'><strong>inanibus</strong></span> <span class='ocrx_word' id='word_1_228' title='bbox 605 2515 721 2566; x_wconf 89' lang='lat' dir='ltr'><strong>molitur</strong></span> <span class='ocrx_word' id='word_1_229' title='bbox 730 2516 826 2568; x_wconf 68' lang='lat' dir='ltr'><strong>haben:</strong></span> 
     </span>
     <span class='ocr_line' id='line_1_36' title="bbox 142 2579 821 2651; baseline 0.007 -19"><span class='ocrx_word' id='word_1_230' title='bbox 142 2580 234 2633; x_wconf 86' lang='lat' dir='ltr'><strong>Multa</strong></span> <span class='ocrx_word' id='word_1_231' title='bbox 242 2579 331 2632; x_wconf 77' lang='lat' dir='ltr'><strong>virum</strong></span> <span class='ocrx_word' id='word_1_232' title='bbox 339 2582 459 2634; x_wconf 85' lang='lat' dir='ltr'><strong>volitans</strong></span> <span class='ocrx_word' id='word_1_233' title='bbox 470 2582 519 2633; x_wconf 89' lang='lat' dir='ltr'><strong>dat</strong></span> <span class='ocrx_word' id='word_1_234' title='bbox 528 2581 612 2633; x_wconf 78' lang='lat' dir='ltr'><strong>fortia</strong></span> <span class='ocrx_word' id='word_1_235' title='bbox 622 2598 737 2651; x_wconf 86' lang='lat' dir='ltr'><strong>eorporo</strong></span> <span class='ocrx_word' id='word_1_236' title='bbox 747 2585 821 2650; x_wconf 85' lang='lat' dir='ltr'><strong>leto;</strong></span> 
     </span>
     <span class='ocr_line' id='line_1_37' title="bbox 142 2648 791 2722; baseline 0.011 -20"><span class='ocrx_word' id='word_1_237' title='bbox 142 2648 299 2704; x_wconf 82' lang='lat' dir='ltr'><strong>Semineoes</strong></span> <span class='ocrx_word' id='word_1_238' title='bbox 308 2650 395 2704; x_wconf 76' lang='lat' dir='ltr'><strong>volvit</strong></span> <span class='ocrx_word' id='word_1_239' title='bbox 403 2650 519 2718; x_wconf 89' lang='lat' dir='ltr'><strong>multos,</strong></span> <span class='ocrx_word' id='word_1_240' title='bbox 528 2656 577 2704; x_wconf 88' lang='lat' dir='ltr'><strong>aut</strong></span> <span class='ocrx_word' id='word_1_241' title='bbox 586 2654 697 2722; x_wconf 73' lang='lat' dir='ltr'><strong>segusina</strong></span> <span class='ocrx_word' id='word_1_242' title='bbox 708 2669 791 2708; x_wconf 73' lang='lat' dir='ltr'><strong>ounu</strong></span> 
     </span>
    </p>
   </div>
   <div class='ocr_carea' id='block_1_3' title="bbox 0 0 946 3052">
    <p class='ocr_par' dir='ltr' id='par_1_3' title="bbox 0 0 946 3052">
     <span class='ocr_line' id='line_1_38' title="bbox 0 0 946 3052; baseline 0 0"><span class='ocrx_word' id='word_1_243' title='bbox 0 0 946 3052; x_wconf 95' lang='lat' dir='ltr'><strong> </strong></span> 
     </span>
    </p>
   </div>
  </div>
 </body>
</html>
