1882 3052
141 133 193 187 22⁴
298 132 527 186 a‘vrnornu
549 89 737 182 unsaros

142 240 176 288 At
188 252 293 287 ramum
304 234 377 286 bunc
388 237 494 301 (aperit
504 235 623 295 ramum
634 233 680 298 qui
690 235 766 283 veste
777 229 787 280 l

141 309 288 372 Agnosces.
308 304 428 367 Tumida
437 318 471 355 ex
480 305 523 353 ira
533 308 592 351 tum
603 301 688 352 eorda
698 300 787 352 residu

140 374 198 426 Neo
209 372 348 439 plorabis.
368 373 417 423 llle
429 372 569 422 admirans
578 369 736 421 venerabile
749 368 787 418 do

140 442 246 493 Fatalis
256 445 362 509 virgae,
371 440 455 506 longo
466 445 530 506 post
539 445 664 504 tempore
675 441 773 499 visum,

82 523 131 571 iro
141 510 303 562 Caeruleam
314 509 433 560 advertit
445 496 706 574 puppimriptseque
716 520 787 572 prop

139 580 206 630 lnde
217 579 286 629 alias
296 579 414 640 animas,
424 592 495 644 quae
505 592 555 642 per
566 579 631 642 iuga
641 575 726 641 longa
736 575 785 625 sed

38 684 41 687 -
141 647 291 709 Deturbat‚
303 646 433 713 laxatque
445 645 532 695 foros:
547 644 630 694 simul
640 645 743 708 accipit
753 643 787 693 ab

141 716 282 780 lugentem
293 717 415 766 Aenean.
435 714 548 764 Gemuit
557 713 608 762 sub
620 713 743 777 pondere
754 727 787 779 cy

72 786 79 793 '
141 782 250 845 Sutilis,
261 788 290 833 et
300 783 415 833 multam
427 783 533 846 aceepit
542 784 646 831 rimosa
657 780 786 846 paludem

81 860 130 911 415
140 850 264 902 Tandem
274 857 353 902 trans
363 850 476 901 llurium
486 850 632 902 incolumis
642 855 787 917 ratemque

502 959 505 967 .
572 934 607 970 ue

125 963 255 1040 'informi
265 989 331 1039 limo
342 989 496 1055 glaucaque
506 935 622 1104 qxpffrnit
632 988 660 1036 in
671 986 744 1037 ulra.

175 1058 312 1108 Cerberus
323 1056 391 1108 baec
400 1059 497 1122 ingens
521 1063 614 1106 atratu
625 1071 713 1122 regna
723 1054 787 1106 trifa

139 1125 288 1186 Personat,
298 1126 414 1175 adverso
425 1124 561 1175 recubans
571 1126 698 1175 immanis
709 1127 738 1175 in
750 1141 787 1174 on·

48 1245 49 1251 ,
140 1194 190 1243 Cui
199 1198 288 1254 rates,
300 1191 415 1244 horrere
425 1193 520 1243 videns
531 1195 585 1243 iam
597 1192 671 1242 colla
681 1194 787 1245 colubri

80 1271 130 1323 420
139 1261 226 1313 Melle
236 1267 395 1327 soporatam
406 1269 434 1313 et
444 1261 588 1312 medicatis
600 1261 728 1327 frugibus
739 1259 787 1312 olla

7 1326 15 1334 ’
140 1331 250 1391 obiicit.
269 1330 321 1382 Ille
331 1330 404 1382 fame
413 1330 511 1381 rabida
520 1333 576 1380 tria
585 1336 702 1396 guttura
712 1330 786 1396 pand

141 1400 263 1466 Corripit
273 1401 422 1461 obiectam,
432 1404 517 1466 atque
526 1400 657 1449 immania
666 1404 749 1466 terga
759 1415 787 1451 re

1 1523 2 1530 χ
140 1468 231 1519 Fusus
240 1467 329 1530 humi,
340 1474 456 1535 totoque
465 1470 562 1534 ingens
573 1468 735 1519 extenditur
746 1477 787 1519 ant

92 1543 96 1549 '
141 1537 266 1602 Occupat
276 1538 381 1588 Aeneas
392 1537 498 1587 aditum
508 1536 622 1587 custode
633 1537 754 1602 sepulto,

79 1610 130 1666 425
139 1606 294 1672 Evaditque
304 1606 379 1658 celer
389 1608 477 1670 ripam
485 1603 668 1656 irremeabilis
678 1607 779 1658 undae.

140 1674 277 1724 Continuo
288 1675 400 1725 auditae
410 1689 503 1735 voees,
512 1675 620 1740 vagitus
632 1679 661 1723 et
670 1677 779 1741 ingens,

138 1741 332 1809 Infantumque
343 1744 451 1793 animae
462 1741 560 1793 flentes
570 1743 597 1790 in
609 1742 704 1794 limine
715 1747 786 1810 prim

139 1810 216 1871 Quos
226 1810 314 1862 dulcis
325 1813 396 1863 ritae
408 1816 544 1872 exsortes,
555 1817 583 1862 et
592 1812 627 1863 ab
637 1813 724 1865 ubere
734 1815 787 1879 rdp‘

138 1878 260 1928 Abstulit
269 1884 332 1928 stra
342 1880 414 1941 dies,
426 1886 455 1931 et
465 1880 562 1930 sunere
573 1882 670 1930 mersit
680 1884 787 1934 acerbo.

81 1950 130 2004 430
138 1945 199 1996 llos
208 1947 287 1996 iuxta
296 1945 366 1997 falso
377 1949 501 1997 damnati
511 1949 624 2000 erimine
635 1953 747 2001 mortis:

138 2013 197 2066 Nee
207 2028 273 2064 vero
283 2012 335 2064 bae
345 2017 405 2065 sin'e
415 2022 491 2067 sorte
502 2017 596 2078 datae,
607 2019 666 2069 sine
676 2020 782 2081 iudice,

140 2082 289 2143 Quaesitor
300 2083 391 2133 Minos
401 2098 499 2135 urnam
509 2092 613 2149 movet3
628 2087 677 2138 ille
687 2089 787 2140 silentu

141 2149 349 2217 Consiliumque
359 2159 451 2214 vocat,
463 2156 589 2222 vitasque
599 2166 628 2206 et
638 2158 755 2208 crimina
766 2159 787 2209 dr

174 2215 305 2269 Proxima
315 2218 414 2271 deiude
424 2227 521 2274 tenent
530 2226 628 2275 moesti
640 2225 717 2289 loca,
727 2229 787 2294 qui:

552 2293 641 2344 letu'm

80 2357 130 2411 435
138 2353 265 2408 insontes
275 2370 408 2421 peperere
418 2361 612 2422 manu‚lueem
632 2378 667 2414 ue
677 2367 772 2430 perosi

137 2423 285 2476 Proieoere
296 2428 408 2476 animas.
428 2428 517 2488 Quam
528 2379 634 2482 vellenffi
643 2432 759 2485 aethere
769 2436 787 2484 ir

139 2491 219 2544 Nune
228 2496 257 2544 et
266 2496 425 2560 pauperiem
436 2502 464 2548 et
474 2498 558 2550 duros
568 2500 694 2566 perferre
704 2503 787 2554 labor¹

136 2559 192 2616 Fas
204 2562 310 2629 obstat,
319 2565 449 2634 tristique
457 2567 539 2631 qalus
547 2569 704 2622 inamabilis
713 2573 787 2624 unda

131 2633 255 2709 Alligat3
268 2645 299 2692 et
307 2638 408 2692 novies
416 2635 767 2704 Styuinterinsaoserssu
