1882 3052
143 134 203 190 3⁷⁰-
304 134 335 188 Ρ.
353 129 535 186 villermi
557 127 745 184 MARONlS

36 274 42 287 ,
143 236 250 290 Nomen
263 239 324 287 erat
333 235 455 297 virtutis,
465 235 560 300 etipse
570 233 720 285 acerrimae
728 234 829 291 armum

143 308 175 357 ln
185 304 289 357 medias
300 304 348 355 dat
357 319 419 367 sese
429 304 514 365 acies,
524 302 600 354 lrautl
610 303 703 355 neema
710 316 813 362 rerum,

144 375 333 441 Rumoresque
342 373 411 425 serit
421 373 524 435 rarior,
533 386 566 423 ac
575 371 644 423 talia
654 370 743 423 sabura

144 442 207 495 Non
218 443 316 509 pudet,
327 455 344 493 c
353 440 463 502 Rutuli,
473 455 523 507 pro
533 442 639 491 cunctis
648 440 753 501 talibus
764 453 847 492 uuam

86 508 137 560 230
146 512 292 565 obiectare
302 507 441 561 auimaml
454 523 619 572 numerone,
628 524 664 561 an
675 509 781 561 riribun
789 521 858 574 aequ

145 576 329 632 Nonaumual
344 578 401 642 En,
411 580 657 641 omncaetTroea,
667 575 859 638 ottramni

559 653 635 710 aunt,

145 717 304 784 Fatalisque
314 730 427 778 manua,
436 708 546 768 infenab
554 718 668 769 Etruria
677 716 785 767 Turno.

145 786 198 838 Vix
208 784 329 847 hostem,
340 783 441 838 alterni
450 785 475 835 ei
484 785 707 851 congrediamur,
717 782 854 837 habemur.

146 855 197 908 llle
208 854 319 922 quidem
329 852 366 904 ad
375 868 503 919 superos,
513 869 631 921 quorum
641 869 674 907 ee
682 854 801 907 devovet
809 854 859 903 aria

89 922 138 973 235
148 922 282 976 Succedet
293 920 522 990 laurentumque
532 937 581 987 per
591 937 640 975 cra
650 923 770 975 feretur:

147 991 218 1054 Nos,
228 992 319 1058 patria
329 991 443 1053 amissa,
452 991 570 1043 dominis
580 1006 679 1056 parere
688 990 816 1057 superbit

149 1061 299 1128 (legemur,
309 1059 356 1127 qui
365 1075 439 1110 nunc
447 1058 517 1111 lenti
528 1060 702 1112 consedimus
712 1062 793 1113 arvia

149 1130 264 1181 'l'alibua
274 1129 386 1179 incensa
395 1132 439 1178 eat
447 1128 576 1180 iuvenum
587 1132 728 1181 scatentia
737 1129 815 1181 dictis

146 1199 204 1250 l'am
216 1196 303 1265 magia
312 1199 396 1261 atque
406 1197 508 1265 megin
522 1199 664 1265 serpitque
673 1213 725 1264 per
733 1198 841 1266 agmim

155 1288 159 1299 ·
564 1281 704 1329 murmur3

90 1336 204 1400 24olpci
214 1335 368 1387 Laurentes
378 1335 492 1385 mutati:
508 1335 615 1402 ipsique
625 1335 729 1387 Latini,

149 1404 204 1467 Qui
214 1404 267 1454 eibi
276 1404 332 1453 iam
342 1403 466 1470 requiem
475 1418 584 1471 pugnae
594 1404 732 1472 rebusque
742 1403 852 1455 salutem

150 1472 312 1538 Sperabam,
322 1487 397 1523 nunc
406 1472 593 1534 arma-velunt,
604 1472 758 1540 foedusque
763 1478 859 1538 precam

150 1541 299 1603 infectum,
310 1544 339 1591 et
348 1540 438 1591 'lurni
447 1546 551 1593 sortem
562 1543 731 1593 ariaerantur
741 1542 859 1610 iniquam

149 1611 203 1662 Hic
213 1609 289 1660 aliud
296 1609 385 1659 malua
394 1609 513 1661 luturna
519 1609 655 1676 adiungit,
665 1615 694 1661 et
704 1611 770 1663 alte.

92 1674 141 1728 245
151 1678 209 1729 Dat
219 1680 327 1746 signum
336 1678 429 1741 coelc;
443 1694 498 1745 quo
509 1693 565 1729 non
574 1680 748 1744 praesentius
758 1679 844 1731 ullum

152 1749 286 1798 'turbarit
295 1752 403 1804 mentes
413 1746 511 1809 ltalas,
521 1754 700 1815 monstroque
711 1747 822 1801 fefellit

152 1815 277 1884 Namque
286 1817 383 1867 velans
391 1816 578 1869 rubralulrus
588 1817 661 1868 loris
671 1817 730 1869 ales
740 1819 770 1867 iu
779 1815 859 1869 aetlru

152 1885 278 1936 Litoreaa
290 1885 415 1952 agitabat
423 1899 488 1936 ares
498 1886 663 1953 turbamque
674 1891 821 1939 acuentem

152 1953 274 2020 Agminis
285 1953 381 2020 aligeri
387 1971 400 2004 r,
409 1955 499 2005 subito
510 1970 594 2020 quum
603 1954 697 2018 lapsus
706 1955 743 2005 ad
752 1955 840 2007 undas

94 2025 144 2070 250
154 2023 277 2087 cycnum
288 2022 467 2075 excellentem
478 2023 592 2088 pedibus
600 2023 673 2088 rapit
678 2024 857 2088 improbucun

153 2091 289 2140 Arrexere
299 2092 405 2140 animos
415 2091 478 2142 itali
484 2128 492 2154 ,
503 2098 671 2158 cunctaeque
681 2092 810 2145 volucres

155 2160 328 2209 Convertunt
335 2157 456 2210 clamore
467 2158 561 2226 fugam
571 2161 707 2224 (mirabile
718 2162 800 2226 visu),

153 2223 327 2292 Aetheraque
338 2226 485 2278 obscurant
490 2232 597 2293 pennis,
608 2229 773 2298 hostemque
778 2246 859 2298 perat

152 2295 237 2348 Facta
247 2294 319 2346 nube
329 2302 468 2359 premunt:
484 2298 572 2350 donec
581 2301 608 2350 vi
617 2300 720 2362 victus,
730 2307 760 2351 et
771 2303 830 2368 ipae

96 2364 143 2418 255
153 2364 278 2417 Pondere
289 2362 401 2427 defecit,
412 2365 599 2435 praedamque
609 2383 642 2420 ex
652 2369 794 2436 unguibus
804 2371 859 2423 alet

153 2434 273 2486 Proiecit
284 2431 379 2495 fluvio,
391 2434 553 2502 penitusque
563 2439 590 2488 in
601 2438 696 2489 nubila
706 2438 789 2505 fugit.

155 2504 227 2555 Tum
237 2517 301 2555 vero
312 2505 456 2570 augurium
467 2505 563 2556 Rutuli
575 2503 697 2559 clamere¹
707 2507 843 2571 salutant,

155 2571 367 2640 Expediuntque
378 2588 488 2637 uranum
504 2576 661 2643 prmusque
671 2577 859 2631 Tolumniuaa

568 2660 628 2714 Ψ,
