1882 3052
233 152 453 208 ruuuroos
474 138 554 210 tro.
573 154 639 210 vu.
766 157 817 210 24⁷

88 270 113 307 se
122 253 211 307 modo
224 257 346 320 Aeaeos,
357 261 444 310 nostri
455 261 478 309 si
488 264 566 310 tanta
576 260 676 326 cupido
686 265 739 323 ert,

92 326 170 392 iungi
184 323 309 391 hospitio
320 335 453 394 properat
463 331 611 396 sociusque
622 331 724 390 vocari,

88 393 201 457 ireniat,
213 396 311 446 vultus
322 412 390 447 neve
400 397 581 449 exhorrescat
590 400 703 450 amicos.
826 397 875 448 205

88 478 115 514 rs
125 462 201 514 mihi
213 467 291 530 pacis
304 468 359 517 erit
368 465 493 528 dextram
505 469 629 534 tetigisse
640 468 762 535 tyranni.

89 548 103 583 s
113 539 225 585 eontra
235 536 294 601 regi
306 549 369 585 mea
379 551 452 586 nunc
460 537 591 587 mandata
601 537 713 589 referte.

88 600 181 653 tmihi
193 609 277 666 nata,
288 605 348 653 viro
359 607 449 670 gentis
460 621 542 672 quam
552 608 668 673 iungere
679 609 802 667 nostrae,

88 673 221 740 epatrio
232 688 268 724 ex
279 673 366 738 adyto
377 679 478 737 sortes,
490 689 544 724 non
555 676 676 741 plurima
686 675 767 728 coelo

88 746 182 793 instra
192 742 303 793 sinunt:
319 757 437 809 generos
449 747 571 795 externis
580 743 669 797 affore
679 746 713 796 ab
724 746 789 805 oris,
828 757 876 808 27⁰

88 827 106 863 c
114 811 211 865 Latio
220 818 329 863 restare
339 818 454 874 canum,
466 815 511 881 qui
522 816 657 881 sanguine
666 815 794 865 nostrum

88 896 157 932 men
167 882 201 930 in
214 888 291 932 astra
302 881 402 933 ferant.
422 883 507 933 Hunc
518 883 597 933 illum
609 898 723 950 poscere
735 882 794 934 fata

89 964 175 1011 reor,
186 957 231 1013 et,
242 953 266 1000 si
278 952 344 1019 qui'd
353 954 411 1003 veri
422 967 500 1004 mens
511 958 643 1019 augurat,
654 957 728 1019 opto.

88 1034 126 1070 ec
134 1018 260 1082 effatus,
272 1036 358 1087 equos
369 1037 485 1073 numero
495 1028 576 1088 pater
586 1022 666 1088 eligit
674 1022 756 1072 omni.

88 1088 169 1139 abant
176 1094 229 1140 ter
239 1095 350 1140 centum
361 1092 441 1142 nitidi
452 1093 479 1141 ia
491 1091 670 1157 praesepibus
680 1089 753 1141 altis.
826 1088 876 1154 275

88 1158 186 1209 unibus
200 1160 343 1225 extemplo
351 1161 470 1212 ‘Teucris
480 1162 559 1212 iubet
569 1160 667 1211 ordine
677 1159 742 1210 duci
774 1155 795 1177 ''

88 1230 188 1278 tratos
200 1233 281 1278 ostro
291 1229 329 1279 aii
349 1230 414 1280 edes
425 1232 558 1296 pictisque
568 1232 678 1294 tapetis.

88 1311 141 1347 rea
150 1296 318 1361 pectoribus
328 1244 449 1348 Remissa
458 1298 573 1348 monilia
582 1299 711 1364 pendent.
725 1319 729 1327 ·

88 1367 127 1416 cti
139 1378 230 1426 auro,
245 1363 351 1416 fulvum
362 1367 498 1417 mandunt
507 1369 557 1419 sub
569 1367 698 1419 dentibus
709 1378 815 1416 aurum.

88 1430 166 1487 senti
177 1437 292 1486 Aeneae
303 1450 415 1485 currum
426 1437 605 1503 geminosque
614 1436 731 1504 iugales,
827 1429 876 1480 280

88 1506 162 1555 mine
173 1503 213 1553 ab
224 1502 363 1566 aetherio,
374 1507 512 1570 spirantes
522 1505 637 1555 naribus
647 1508 749 1572 ignem,

88 1588 167 1624 rrum
179 1572 323 1639 degente,
334 1577 407 1639 patri
419 1588 487 1641 quos
499 1573 616 1625 daedala
628 1575 707 1625 Circe

88 1643 207 1709 pposito
216 1642 250 1693 de
262 1648 352 1693 matre
363 1642 463 1693 nothos
474 1643 567 1694 furata
577 1644 690 1695 creavit.

88 1712 167 1763 iibus
177 1712 329 1763 Aeneadae
340 1712 419 1763 donis
431 1712 566 1779 dictisque
577 1713 672 1764 Latini
744 1758 748 1764 .

88 1781 193 1833 bitures
204 1782 233 1830 in
244 1782 323 1848 equis
334 1781 464 1842 redeunt,
473 1796 625 1848 pacemque
631 1785 790 1848 reportant.
827 1779 876 1832 285

89 1850 157 1901 Ecce
167 1856 268 1900 autem
279 1849 398 1901 Inachiis
409 1862 470 1902 sese
481 1851 622 1902 referebat
633 1853 667 1902 ab
678 1852 758 1918 Argis

88 1926 142 1970 teta
149 1920 227 1971 loris
238 1921 371 1983 coniunx,
383 1935 519 1988 aurasque
529 1912 640 1971 in'recta
649 1921 776 1982 tenebat3

88 1988 208 2041 :laetum
217 1990 341 2039 Aeneam
352 1989 524 2056 classemque
535 2004 568 2040 ex
580 1988 694 2040 aethere
704 1989 788 2055 longo

88 2058 226 2110 ardaniam
237 2057 333 2109 Siculo
346 2060 489 2124 prospexit
500 2059 534 2108 ab
545 2074 634 2125 usque
644 2057 784 2124 Pachyno.

88 2128 216 2179 oliriiam
227 2131 303 2177 terta
314 2128 401 2189 videt,
413 2130 466 2177 iam
478 2128 564 2179 fidere
574 2132 680 2191 terrae;
758 2146 763 2156 ·
826 2134 876 2184 29⁰

88 2200 316 2248 minoratos.
338 2195 423 2248 Stetit
433 2198 489 2246 acri
499 2198 555 2246 fixa
566 2197 672 2248 dolore.
743 2216 746 2222 ·

88 2281 137 2330 rm,
146 2266 285 2335 quassaris
297 2272 386 2331 caput,
398 2265 466 2316 haec
477 2264 597 2316 effundit
606 2271 717 2332 pectore
728 2265 815 2317 dicta:
840 2308 849 2322 ‚

88 2350 115 2387 eu
125 2338 246 2403 stirpem
255 2337 385 2397 inrisam,
397 2340 425 2385 et
437 2333 501 2384 fatis
512 2337 654 2386 contraria
665 2334 768 2385 nostris

88 2412 124 2457 ita
132 2404 293 2472 Phrygum!
307 2420 372 2455 nuni
384 2403 473 2471 Sigeis
485 2406 650 2457 occumbere
661 2406 774 2469 campis,

88 2490 125 2527 tm
135 2476 213 2542 capti
225 2480 343 2540 potuere
354 2474 432 2539 capii
447 2488 512 2523 num
523 2476 636 2526 incensa
647 2473 779 2523 cremavit
791 2514 794 2519 .
828 2462 877 2531 295

88 2546 139 2596 oia
147 2542 247 2595 viros&
258 2543 364 2594 medias
376 2544 448 2592 acies
459 2543 619 2608 mediosque
632 2556 682 2607 per
690 2542 769 2609 ignes

88 2630 189 2667 tenere
198 2614 282 2664 viam.
303 2613 351 2674 at,
363 2611 461 2671 credo,
471 2627 534 2660 mea
544 2612 658 2659 numina
668 2608 780 2661 tandem

88 2700 139 2737 esea
147 2685 258 2746 iacent,
270 2681 342 2733 odiis
350 2685 401 2733 aut
411 2684 573 2732 exsaturata
582 2679 673 2742 quievi
681 2705 701 2716 -
