1882 3052
186 157 239 214 294
343 159 375 213 Ρ.
393 159 578 214 virumn
600 155 788 213 Meropus

187 263 233 316 Sic
242 265 282 316 ait
290 263 472 328 illacrimans3
487 262 603 318 hn'mero
614 262 697 314 simul
708 263 786 315 exuit
797 275 891 313 ensem

187 336 329 397 Auratum,
339 337 409 385 mira
437 348 499 385 uem
511 333 615 385 fecerat
625 339 685 384 arte
695 333 812 398 Lycaon

127 401 178 454 505
188 402 322 467 Gnosius,
332 351 544 471 atquedrahilem
555 403 655 469 vagina
663 405 775 467 aptarat
785 399 895 451 eburna.
937 403 941 410 “

186 472 246 524 Dat
256 472 323 523 Niso
333 471 497 524 Mnestheus
507 471 609 537 pellem
622 470 816 536 horrentisque
826 467 923 541 leon'un·

186 542 322 605 Exuvias;
336 542 446 610 galeam
458 540 528 591 lidus
539 545 678 606 permutat
686 538 792 592 Aletes.

186 609 324 662 Protenns
335 611 433 662 armati
443 610 587 661 incedunt:
602 623 670 677 quos
682 608 773 658 omnis
785 611 882 658 euntes
936 651 941 664 ,

187 678 342 730 Primorum
354 694 452 730 manus
463 679 498 730 ad
507 680 849 745 portasiuvennmquesen
876 698 886 718 n
900 697 903 715 ν
939 731 940 734 ¹

128 746 457 815 510Prosequiturvotis.
478 748 537 800 Neo
546 761 601 797 non
612 744 768 812 etpuleher
777 745 862 806 Iulus,
930 754 931 758 ’

187 819 259 869 Ante
269 831 356 867 annos
368 819 544 885 animumque
554 831 653 884 gerens
664 828 815 880 curamque
824 811 908 864 virile

187 885 280 936 Multa
289 888 361 951 patri
372 887 508 951 portanda
518 885 601 936 dabat
610 884 752 935 mandata.
774 882 831 934 Sed
842 895 917 933 aurae

187 954 288 1006 Omnia
299 955 468 1020 discerpunt,
480 962 507 1006 et
518 955 634 1005 nubibus
644 954 724 1003 irrita
734 952 851 1003 donant
930 964 935 977 ··

221 1024 335 1091 Egressi
344 1028 475 1088 superant
485 1022 586 1085 fossus,
598 1023 740 1089 noctisque
752 1035 804 1087 per
813 1020 933 1089 umbrant

126 1087 177 1140 515
188 1092 286 1142 Castra
295 1092 405 1141 inimica
415 1096 520 1156 petunt,
531 1092 627 1142 multis
637 1096 730 1142 tamen
743 1097 812 1142 erite
823 1088 903 1142 fumi

185 1161 288 1213 Exitio.
309 1160 413 1210 Passim
425 1174 522 1210 somno
533 1162 651 1227 vinoque
661 1174 710 1225 per
720 1157 840 1211 herbam

188 1230 308 1294 Corpora
319 1227 382 1278 fusa
392 1228 493 1290 rident,
505 1234 626 1279 arrectos
637 1228 719 1280 litore
729 1244 839 1292 currus,

172 1298 263 1350 ‘inter
273 1297 333 1348 lora
343 1302 473 1364 rotasque
483 1298 570 1361 viros,
581 1297 665 1348 simul
673 1313 768 1360 arma,
779 1299 874 1361 iacere,

185 1367 261 1419 Vina
270 1365 360 1417 simui
380 1365 460 1417 Prior
469 1367 637 1433 Hyrtacides
647 1367 687 1417 sie
697 1380 746 1418 ore
758 1367 879 1418 locutus:

127 1433 178 1484 520
185 1436 324 1502 Euryale,
335 1436 492 1487 audendum
502 1436 607 1487 dextra.
628 1435 708 1487 Nunc
717 1436 782 1501 ipsa
791 1441 921 1488 voeatres.

185 1507 249 1557 Hae
258 1507 311 1557 iter
321 1511 372 1556 est.
392 1507 435 1556 Tu
442 1541 450 1566 ,
461 1520 495 1555 ne
507 1521 560 1573 qua
570 1519 666 1555 manus
677 1520 708 1556 se
719 1506 856 1559 attollere·
863 1504 928 1556 ποδί·

186 1577 299 1642 Atergo
309 1573 408 1640 possit,
420 1575 527 1624 custodi
538 1578 567 1624 et
576 1574 689 1624 consule
699 1574 794 1642 longe.

184 1645 263 1696 liaeo
273 1658 325 1710 ego
335 1648 414 1693 vasta
424 1642 507 1706 dabo,
518 1649 546 1693 et
557 1643 613 1692 lato
624 1648 652 1694 te
663 1641 752 1693 limite
763 1643 869 1695 ducam.

186 1711 232 1764 Sic
241 1718 391 1775 memorat,
401 1726 549 1780 vocemque
558 1713 671 1778 premit3
687 1712 773 1762 simul
784 1728 852 1765 ense
860 1727 900 1763 sn·
923 1716 927 1723 '

582 1782 712 1846 'perbum

125 1846 175 1897 525
186 1849 369 1901 Rhamnetem
380 1850 553 1916 aggreditur,
565 1851 611 1917 qui
621 1848 693 1901 forte
703 1850 847 1917 tapetibus
857 1850 912 1903 alu's

184 1921 350 1970 Exstruetus
360 1924 421 1969 toto
431 1919 566 1983 proflabat
575 1925 686 1984 pectore
696 1932 843 1984 somnum3

184 1987 244 2038 Rex
255 1986 341 2048 idem,
353 1993 382 2037 et
390 1988 448 2054 regi
460 1990 554 2039 Turno
564 1989 737 2055 gratissimus
748 2005 850 2057 augur:

184 2053 240 2105 Sed
251 2069 304 2104 non
316 2057 432 2120 augurio
443 2059 533 2120 potuit
543 2058 682 2123 depellere
692 2063 809 2123 pestem.

139 2175 141 2178 Α
183 2124 253 2174 Tres
263 2124 340 2172 iuxta
351 2123 470 2174 famulos
482 2131 585 2177 temere
596 2127 668 2177 inter
677 2127 736 2178 tela
746 2128 877 2190 iacentes,

123 2189 173 2241 550
181 2192 407 2258 Armigerumque
419 2194 497 2243 Remi
508 2198 614 2259 premit,
627 2197 807 2265 aurigamque
818 2199 867 2249 sub
877 2195 928 2262 ipsis

181 2259 286 2312 Nactus
297 2261 388 2326 equis;
404 2260 532 2328 ferroque
543 2271 619 2316 secat
628 2265 777 2331 pendentia
787 2266 866 2318 eolla

181 2331 253 2382 'l'um
265 2334 346 2395 caput
356 2330 407 2396 ipsi
418 2331 511 2383 aufert
521 2333 647 2416 domino,
657 2340 841 2416 truncumque
849 2350 887 2387 re·

181 2468 320 2536 Sanguine
330 2469 541 2536 singultantem3
555 2404 767 2539 atrpntpppsm
776 2488 872 2527 cruore

181 2540 271 2590 'serra
280 2539 386 2606 torique
399 2541 519 2592 madent.
539 2541 597 2593 Nee
607 2558 662 2593 non
672 2542 878 2612 Lamyrumque

122 2675 171 2728 335
179 2677 217 2729 Et
227 2679 353 2734 iuvenem
364 2677 526 2746 Sarranum,
537 2681 587 2733 illa
594 2612 861 2750 ddinpddlddrddnoete
