1882 3052
165 128 216 182 zar
322 90 764 179 nvrnermrmnnoms

85 234 88 247 ⁴
166 233 297 295 Rimanti,
307 232 394 284 telum
404 232 447 282 ira
457 230 532 282 fecit
547 214 638 282 Vocat
647 228 761 296 agorina
769 223 871 294 Tyrrbe

167 303 356 366 Quadrilidnm
366 315 497 367 quercum
510 302 604 350 cuneis
614 297 729 349 ert-forte
736 296 841 353 ,coactis

108 379 158 428 διο
167 366 329 433 scindebat,
339 376 421 436 rapta
430 371 539 441 spirans
549 370 669 418 immune
679 367 780 416 securi.

167 442 202 491 llt
211 455 296 492 saeva
306 455 321 491 e
331 439 570 506 speculistempus
581 437 634 488 dea
644 440 729 486 nacta
737 433 851 486 nocendi

166 510 262 564 Ardua
270 514 345 561 tectu
355 509 426 574 petit
435 507 551 569 stabuli,
562 505 635 557 etde
645 504 768 556 eubnine
779 514 871 554 sunno

166 578 314 630 Pastcrale
324 579 400 629 canit
408 578 532 644 signnm,
539 587 684 640 cornuque
693 576 812 626 recurro

167 643 332 700 Tartaream
342 646 462 698 intendit
471 659 578 698 vocem:
594 658 650 711 qua
660 648 796 709 protenus
805 652 871 693 omne

109 720 158 771 515
169 717 342 779 Contremuit
352 730 458 777 nemus,
470 719 498 766 et
507 715 594 765 silvce
604 708 871 778 intonuere-prolum

167 785 264 836 Audiit
274 789 302 835 et
311 786 424 835 Triviae
433 784 517 851 longe
527 783 619 845 lacus3
633 782 725 832 audiit
735 782 821 832 amnis

169 851 302 905 Sulfirrea
311 852 369 913 Nar
380 852 459 904 albus
469 868 554 921 equa,
564 851 714 919 fontesque
723 851 827 913 Velini3

31 927 33 932 “
120 964 124 969 .
167 925 205 974 Et
214 922 341 988 trepidae
350 924 455 974 matres
465 935 591 988 pressere
601 921 764 987 adnectere
773 922 854 970 natos.

169 993 193 1047 Τ
197 1000 243 1042 um
252 1005 318 1042 vero
329 992 365 1042 ad
374 1006 470 1043 i'occm
481 991 598 1052 celeres,
610 1005 665 1057 qua
675 990 793 1040 buccine
801 989 871 1055 signu

111 1060 161 1110 bno
169 1061 240 1112 Dira
250 1060 438 1126 dedit,·riiptis
449 1064 621 1111 concurrunt
629 1058 755 1125 undique
765 1057 828 1110 telis

136 1143 145 1155 ··
169 1129 300 1181 indomiti
310 1128 465 1195 agricolae3
479 1144 530 1180 nec
540 1132 636 1181 non-et
645 1130 734 1179 Troia
744 1128 828 1194 pubes

169 1198 286 1251 Ascanio
297 1196 432 1248 auxilinm
443 1192 543 1265 castris
553 1196 671 1248 effundit
679 1199 795 1264 apertis.

171 1267 309 1336 Direxere
321 1266 402 1316 ecies.
422 1265 484 1320 Non
496 1268 550 1318 iam
562 1266 717 1318 certamine
728 1266 831 1334 agresti,

52 1381 58 1391 .
171 1334 407 1402 Stipitibusduris
418 1337 510 1402 agitur
520 1336 668 1387 sudibusve
679 1336 828 1402 praeustis

113 1407 163 1460 525
172 1404 227 1457 Sed
238 1403 314 1456 ferro
325 1407 438 1472 ancipiti
450 1405 614 1467 decernunt,
626 1410 745 1472 atraque
755 1405 813 1456 late

171 1476 319 1527 Horrescit
328 1476 432 1533 strictis
440 1489 519 1540 seges
531 1475 654 1536 ensibus,
664 1489 789 1542 aeraque
797 1472 871 1539 fulget

172 1544 239 1595 Sole
249 1543 392 1606 lacessita,
403 1550 431 1596 et
441 1544 532 1605 lucem
541 1543 591 1594 sub
602 1543 700 1594 nubila
710 1546 828 1597 iaetautt

171 1613 288 1664 Fluctus
298 1613 341 1664 uti
351 1616 443 1683 prime
452 1613 544 1679 coepit
554 1628 637 1680 quum
649 1612 796 1665 albescere
805 1614 871 1664 vente

173 1682 324 1743 Paullatim
334 1697 394 1735 sese
405 1683 481 1734 tollit
490 1696 580 1744 mare,
591 1687 619 1733 et
629 1681 715 1732 altius
724 1682 813 1733 undas

116 1748 169 1802 550'
174 1753 278 1818 Erigit,
285 1752 353 1803 'inde
362 1754 419 1804 imo
430 1753 572 1818 consurgit
582 1750 616 1801 ad
628 1750 744 1805 aethera
755 1751 847 1803 funda

173 1822 228 1873 Hic
238 1823 344 1872 iuvenis
354 1823 472 1887 prinlum
483 1825 547 1871 ante
558 1823 644 1872 aciem
655 1821 795 1874 stridente
804 1820 871 1888 sagit

174 1889 311 1942 Natorum
322 1889 444 1954 Tyrrhei
455 1889 548 1942 fuerat
557 1888 603 1957 qui
615 1891 853 1953 maximusrlllmo

126 1970 128 1975 ·
176 1957 331 2021 sternitum
342 1957 432 2009 haesit
443 1961 516 2028 enim
526 1959 703 2026 subgutture
712 1961 820 2023 vulnus,
827 1962 871 2011 ctu

176 2025 259 2076 Vocis
268 2028 322 2077 iter
332 2031 505 2096 tenuemque
512 2029 625 2078 inclusit
634 2031 773 2096 sanguine
782 2032 867 2080 ritem.

117 2089 166 2142 535
178 2096 305 2160 Corpora
312 2095 402 2146 multa
411 2098 501 2149 virum
512 2099 759 2165 circa‚,seniorque
773 2098 871 2150 salam

176 2165 250 2214 Dum
262 2165 323 2229 paci
333 2165 454 2216 medium
464 2182 494 2218 se
505 2166 601 2221 offert:
616 2169 786 2219 iustissimus
796 2181 865 2221 unos

177 2233 231 2293 Qui
242 2230 308 2295 init,
318 2233 502 2303 Ausoniisque
514 2236 580 2286 olim
591 2237 745 2293 ditissimus
756 2232 841 2289 urvis:
853 2250 857 2258 ·

178 2301 307 2369 Quinque
317 2317 416 2369 greges
426 2305 468 2370 illi
478 2305 635 2368 balantum,
647 2308 733 2373 quina
744 2307 871 2359 redibant

178 2371 324 2434 Armenta,
334 2377 363 2422 et
373 2378 476 2425 terrum
488 2380 598 2426 centum
609 2375 738 2427 vertebat
749 2377 859 2428 aramis.

117 2434 168 2487 540
213 2443 315 2509 Atque,
331 2444 871 2513 eupercamposaequodumlllartege

590 2521 647 2577 tur,
858 2524 868 2577 j

175 2574 871 2653 P'romissideeiactapotens,ubisanguinebellu

176 2651 291 2716 imbuit,
301 2656 331 2703 et
339 2652 446 2718 primae
458 2654 596 2706 commisit
605 2653 705 2707 funera
715 2670 839 2725 pugnae,
