1882 3052
89 126 337 210 ssouarcon
360 159 438 211 urs.
457 159 511 213 ιν.
642 160 676 211 sr
755 186 759 191 -

90 275 188 324 rosas,
196 265 247 313 aut
255 261 312 330 igni
322 263 438 330 pinguia
447 261 538 313 multo

89 328 217 383 {Psithia
228 345 324 398 passos
335 332 370 383 de
379 333 436 383 vite
446 346 583 392 racemos,

89 397 398 468 ‘’uethymummtgrave
405 401 674 452 olentiacentaurea
685 422 736 466 27⁰

89 483 119 519 os
128 469 159 518 in
169 471 271 535 pratis,
282 471 326 521 cui
336 485 439 522 nornen
448 470 553 522 amelio
573 518 577 523 .

89 536 183 600 colae,
193 538 284 590 facilis
295 540 494 606 quaerentibus
504 537 603 590 herba:

89 621 106 657 o
116 608 261 673 ingentem
272 608 349 658 tollit
359 608 394 659 de
404 610 511 675 cespite
522 608 630 669 silvam,

94 693 101 739 3
117 676 206 727 sedin
217 675 305 738 soliis,
317 692 388 743 quae
399 677 523 743 plurima
533 678 637 727 circum
659 687 665 699 ¹

100 744 195 797 violae
205 746 334 796 sublucet
344 761 471 811 purpura
481 748 585 812 nigrae.
685 751 734 815 275
748 796 753 805 ,

89 838 94 864 ι
105 816 185 865 nexis
193 820 311 865 ornatae
322 814 470 881 torquibus
480 829 555 865 arae.

90 898 97 933 r
107 897 200 948 sapor.
221 884 322 933 Tonsis
332 884 361 932 in
369 882 491 932 vallibus
500 883 581 933 illurn

91 967 178 1002 curra
187 950 285 1017 legunt
294 966 383 1017 prope
394 951 510 1002 iiumina
521 951 634 1002 Mellae.

90 1026 132 1071 rto
143 1020 251 1070 radices
260 1020 380 1087 incoque
391 1019 512 1082 Baccho,
729 1015 736 1025 “

93 1105 111 1138 n
123 1088 230 1139 foribus
240 1088 330 1154 plenis
341 1103 451 1153 appone
462 1089 599 1139 canistris.
686 1093 737 1146 280

90 1173 143 1209 rem
153 1157 247 1225 proles
256 1158 350 1208 subito
360 1157 497 1208 defecerit
506 1158 604 1218 omnis,

90 1227 161 1278 unde
172 1241 259 1277 novae
270 1228 365 1292 stirpis
376 1232 537 1287 revocetur,
549 1224 674 1277 habebit:

96 1296 205 1348 Arcadii
216 1295 398 1346 memoranda
407 1297 522 1346 inventa
530 1297 657 1361 magistri

90 1380 169 1432 ioque
179 1366 262 1415 modo
274 1365 362 1415 caesis
371 1365 427 1415 iam
437 1378 522 1430 saepe
532 1365 668 1414 iuvencis'
778 1373 791 1410 t

90 1449 145 1501 tpes
156 1433 254 1485 tulerit
264 1448 356 1484 cruor.
376 1433 468 1484 Altius
479 1445 590 1483 omnem
685 1441 733 1494 285

90 1505 167 1554 »rima
177 1509 308 1570 repetons
318 1503 353 1554 ab
365 1503 473 1568 origine
485 1501 597 1552 famam.

90 1574 163 1624 silaei
175 1587 242 1640 gens
254 1572 398 1623 fortunata
409 1571 515 1636 Canopi
609 1569 613 1576 '

90 1657 116 1692 so
128 1646 304 1709 stagnantem
314 1640 430 1691 flumine
440 1639 546 1701 Nilum,

90 1712 154 1763 ictis
163 1710 274 1762 vehitur
284 1725 335 1761 sua
345 1725 414 1760 rura
425 1709 533 1771 faselis3

90 1786 218 1833 retratae
228 1781 330 1831 vicinia
338 1778 463 1830 Persidis
473 1780 573 1847 urget„
683 1796 733 1850 29⁰

90 1853 242 1918 iegyptum
252 1852 332 1916 nigra
343 1847 476 1899 secundat
486 1858 580 1908 arena,

91 1935 160 1970 nens
171 1924 278 1985 septem
289 1918 423 1969 discurrit
432 1918 459 1965 in
472 1927 522 1965 ora

90 1989 148 2039 atis
157 1989 246 2038 amnis
256 1988 379 2038 devexus
389 1984 423 2036 ab
433 1985 521 2036 indis:

92 2073 107 2108 c
117 2063 223 2108 certam
233 2058 312 2124 regio
323 2054 391 2106 iacit
400 2059 462 2105 arte
472 2053 599 2104 salutem.

91 2141 179 2186 mum,
194 2131 279 2193 atque
289 2126 366 2191 ipsos
377 2128 538 2174 contractus
549 2123 584 2173 ad
596 2138 671 2186 usus,
680 2129 729 2196 295

90 2210 129 2246 us.
149 2194 408 2260 Huncangustiquc
419 2186 535 2242 imbrice
546 2193 614 2243 tecti
672 2220 678 2226 -

90 2279 122 2315 ue
133 2269 263 2329 premunt
273 2263 355 2323 artis,
367 2266 395 2311 et
404 2266 527 2327 ‹pratuor
537 2260 653 2323 addunt,

91 2335 181 2393 entis,
192 2332 308 2398 obliqua
318 2331 381 2381 luce
391 2329 537 2380 fenestras.

91 2417 109 2465 ι,
120 2402 195 2452 bima
205 2415 324 2451 curvans
334 2401 389 2449 iam
401 2413 506 2449 cornua
517 2397 619 2460 fronte,

91 2471 151 2523 nuic
160 2473 287 2539 geminae
298 2484 380 2519 nares
390 2473 419 2519 et
427 2469 542 2533 spiritus
554 2470 610 2518 oris
681 2471 730 2523 ὅου

92 2543 163 2592 tanti
175 2541 314 2599 obsuitur,
326 2538 470 2604 plagisque
480 2542 607 2602 peremto

91 2618 213 2678 mtegram
224 2608 372 2658 solvuntur
381 2608 488 2656 viscera
499 2606 608 2670 pellem.

96 2682 126 2733 in
138 2679 234 2733 clauso
245 2678 388 2745 linquunt,
399 2681 428 2728 et
438 2687 532 2725 ramea
540 2670 627 2723 costis
