1882 3052
112 120 114 125 ’
192 113 243 170 358
344 115 375 168 Ρ.
393 113 580 170 'VIRGILII
602 103 793 170 Milli-ONIS
817 176 820 180 .

191 217 290 271 Defrin
311 219 462 282 itierrum,
473 223 605 286 etpartes
615 221 862 285 rimaturapertas,

190 289 253 351 Qua
262 304 273 338 ι
309 304 360 340 nus
371 289 454 341 letale
464 288 551 340 ierat:
566 295 664 340 contra
674 287 723 338 ille
733 301 892 354 repugnans

131 353 181 421 750
190 355 316 408 Sustinet
326 373 343 408 a
351 356 448 425 iugulo
459 357 600 419 dextram,
610 364 639 408 et
648 358 702 407 rim
713 357 819 408 uiribus
830 357 896 406 exit.

188 424 213 475 V
215 432 280 494 tque
290 426 387 481 relano
398 426 454 477 alte
464 431 575 491 raptum
587 441 671 492 quum
680 423 761 476 fulva
771 425 918 476 draconem

188 495 257 548 Fert
266 495 371 563 aquila,
381 494 568 563 implicuitque
578 494 676 614 pqdes,
686 498 771 561 atque
782 494 920 561 unguibus

598 581 601 587 ·
621 564 703 616 aesit:

188 631 303 685 Sauciu
315 639 344 683 at
353 647 468 700 serpens
478 634 590 683 sinuosa
600 632 856 694 voluminaversat,
930 666 935 677 ,

186 703 364 769 Arrectisque
374 701 471 754 horret
480 703 614 769 squamis,
625 706 653 753 et
663 700 757 752 sibilat
767 715 827 761 ore,

129 767 179 836 755
188 770 298 820 Arduus
309 772 471 837 insurgens3
480 770 532 820 illa
541 768 616 820 haud
627 771 717 820 minus
725 773 814 836 urget
823 770 928 820 obunco

187 839 356 890 Luctantem
366 845 472 903 rostr03
483 839 567 891 simul
576 837 691 890 aethera
700 838 834 889 verberat
843 837 908 888 alis:

188 908 273 959 Haud
282 908 366 960 aliter
378 908 508 976 praedam
515 908 663 960 Tiburtum
675 922 710 958 ex
720 908 833 973 agmine
839 903 938 957 Tarch

187 975 286 1028 Portet
297 993 388 1028 ovans.
404 976 490 1028 Ducis
498 976 655 1041 exemplum
663 982 852 1042 ,eventumque
863 990 938 1026 sem*

187 1045 353 1098 Maeonidae
363 1048 517 1095 incurrunt.
537 1046 610 1095 Tum
621 1044 685 1095 fatis
696 1043 809 1095 debitus
819 1045 924 1094 Arruns

128 1113 177 1178 760
185 1113 317 1167 Velocem
327 1113 418 1165 iaculo
430 1117 458 1164 et
468 1113 556 1163 multa
566 1115 644 1179 prior
654 1117 715 1164 arte
723 1112 879 1164 <Camillam

187 1183 303 1244 Circuit,
313 1187 354 1244 et,
365 1196 437 1248 quae
447 1183 485 1232 sit
495 1181 610 1232 fortuna
619 1181 767 1244 facillima,
778 1186 879 1233 tentat.

184 1251 286 1312 Quase
297 1267 405 1318 cunque
416 1250 511 1302 furens
522 1251 613 1302 medio
624 1250 690 1300 tulit
699 1253 814 1317 agmine
823 1252 913 1319 rirgo:

184 1321 247 1372 Hac
256 1321 362 1371 Arruns
373 1320 459 1382 subit,
470 1325 500 1371 et
508 1321 611 1370 tacitus
619 1320 739 1386 vestigia
749 1318 871 1383 lustrat3

184 1390 248 1452 Qua
256 1391 358 1440 ¹victriu
367 1389 441 1441 redit
449 1389 508 1452 illa,
519 1389 672 1455 pedemque
678 1386 802 1440 exhoste
809 1393 934 1455 reportat

127 1454 176 1526 765
185 1459 247 1511 Hac
257 1460 364 1510 iuvenis
375 1457 471 1508 furtim
483 1457 588 1509 celeres
599 1457 748 1523 detorquet
758 1455 892 1508 habenas.

186 1528 247 1578 llos
257 1527 358 1590 aditus,
363 1528 474 1593 iamque
484 1524 534 1576 hos
541 1526 642 1588 aditus,
648 1539 819 1592 omnemque
824 1540 930 1592 pererra

185 1594 312 1664 Vndique
323 1596 484 1659 circuitum
504 1599 533 1646 et
544 1599 648 1713 certlpm
659 1595 753 1661 quatit
763 1595 907 1665 improbus

577 1701 579 1704 ψ
596 1688 599 1693 ·
618 1667 715 1714 astam.

184 1735 270 1787 Forte
280 1749 359 1786 sacer
370 1733 491 1800 Cybelae
504 1732 649 1793 Chloreus,
661 1731 787 1799 olimque
798 1733 931 1795 sacerdos,

184 1805 303 1870 insignis
313 1803 398 1870 longe
407 1802 537 1869 Phrygiis
548 1801 673 1868 fulgebat
682 1802 711 1851 in
722 1803 819 1864 armis,
895 1854 909 1869 x

125 1885 175 1933 770
185 1871 420 1938 Spumantemque
432 1873 557 1936 agitabat
568 1885 680 1937 equum:
691 1884 775 1936 quem
781 1870 865 1936 pellis
870 1871 936 1923 a'e'nis

183 1941 215 1991 ln
226 1939 349 2005 plumam
359 1942 479 2006 squamis
489 1954 558 1990 auro
569 1942 697 1990 conserta
707 1940 831 2005 tegebat

182 2009 257 2073 lpse,
267 2010 414 2073 peregrina
425 2008 567 2075 ferrugine
578 2008 669 2058 clarus
680 2011 708 2057 et
718 2012 807 2071 ostro,

185 2076 297 2142 Spicula
305 2077 454 2141 torquebat
463 2077 551 2142 Lycio
563 2076 700 2141 Gortynia
711 2090 814 2140 cornu;

184 2149 291 2198 Aureus
301 2159 337 2194 ex
347 2141 469 2194 humeris
480 2151 561 2195 sonat
572 2160 665 2206 arcus,
676 2148 705 2196 et
715 2159 804 2196 aurea
813 2147 868 2197 vati

125 2211 174 2279 775
186 2213 312 2276 Cassida3
326 2217 387 2262 tum
398 2227 522 2263 croceam
534 2212 764 2280 chlamydemque
775 2214 905 2282 sinusque

595 2297 643 2333 cre
663 2289 742 2332 antes

184 2352 335 2405 carbaseos
346 2347 422 2399 fulvo
431 2350 460 2398 in
471 2349 574 2399 nodum
583 2298 738 2418 collggerat
748 2365 829 2415 auro,

184 2423 278 2473 Pictus
289 2434 341 2470 acu
349 2419 470 2479 tunicas,
482 2421 510 2468 et
519 2418 640 2470 barbara
650 2421 773 2486 tegmina
785 2434 905 2471 crurum.

183 2492 266 2542 ilunc
275 2489 367 2554 rirgo,
378 2487 435 2537 sive
445 2491 477 2537 ut
487 2488 596 2553 templis
607 2491 776 2554 praefigeret
785 2504 865 2541 mma

184 2561 284 2621 Troia,
295 2556 402 2623 captivo
413 2556 470 2607 sire
481 2561 512 2606 ut
522 2571 552 2607 se
562 2556 650 2608 ferret
659 2557 688 2606 in
698 2572 778 2620 auro,

127 2626 175 2694 780
184 2625 327 2692 Venatrix,
338 2641 424 2678 unum
436 2627 554 2679 exomni
566 2627 716 2683 certamino
727 2640 837 2696 pugnae
