1882 3052
661 58 667 84 ,
718 56 724 69 .

92 90 119 197 ’,
143 108 216 186 eor
300 91 750 186 numerumnunerum
784 157 813 216 ι.
849 169 852 175 ,

76 286 79 293 ,
143 233 209 287 Sole
220 244 425 301 repercussum,
436 239 485 285 aut
495 233 631 286 radiantis
640 233 760 300 imagine
769 229 852 283 Lunai

144 305 245 357 Oinnia
255 303 405 370 pervolitat
414 304 472 354 late
482 304 558 365 loca,
568 304 678 370 iamque
687 301 830 369 sublauras

69 426 72 431 ,
103 384 133 436 25
143 374 281 440 Erigitur,
292 373 445 439 summique
456 371 523 423 ferit
533 371 676 439 laquearia
687 371 764 422 tecti.
842 378 846 384 '

143 443 207 495 Nox
217 448 290 504 crat,
301 447 329 493 et
339 447 428 492 terras
439 441 571 492 animalia
581 440 654 491 fessa
663 454 715 505 per
726 448 820 490 omnes
836 450 839 455 ’

142 513 266 563 Alituum
277 511 468 577 pecudumque
478 525 566 576 genus
576 524 662 575 sopor
672 509 748 559 altus
759 505 852 558 habeba

4 566 7 571 ¹
62 612 81 623 -·
143 583 234 644 Quum
246 585 325 646 pater
336 581 364 629 in
374 580 585 646 ripagelidique
595 578 645 628 sub
656 575 780 637 aetheris
789 591 838 628 axe

142 651 265 710 Aeneass
273 650 348 698 tristi
357 648 486 698 turbatus
497 653 612 714 pectora
621 645 707 708 bello,

100 728 133 778 50
143 717 308 780 Procubuit,
318 732 464 784 seramque
475 717 551 769 dedit
561 731 610 782 per
620 716 747 766 membra
756 717 852 782 quieter

142 787 216 838 Huic
226 785 294 836 deus
304 787 364 851 ipse
372 787 429 836 loci
440 786 525 837 lluvio
536 786 683 837 Tiberinus
695 797 812 835 amoeno

143 855 281 921 Populeas
291 855 364 906 inter
375 856 470 905 senior
477 869 507 906 so
518 854 649 905 attollere
659 852 776 905 frondes

142 925 240 986 Visus3
256 939 318 975 eum
331 925 422 975 tenuis
432 923 535 991 glauco
543 922 654 974 velabat
664 924 770 974 anrictu

124 993 293 1054 *carbasum
305 998 333 1043 et
343 994 433 1043 crines
444 993 576 1042 umbrosa
585 991 698 1058 tegebat
707 991 830 1056 arund03

100 1070 133 1124 35
143 1064 215 1114 Tum
226 1062 266 1113 sic
276 1059 370 1122 affari,
381 1066 410 1110 et
419 1075 501 1112 curas
512 1058 554 1110 bis
566 1061 676 1112 demere
688 1060 786 1112 dictis:

38 1124 41 1129 ’
178 1130 271 1181 Osate
281 1126 851 1197 gentedevim,Troianamexbostibusurb

143 1199 197 1260 uui
208 1195 317 1250 revehis
328 1196 419 1259 nobis,
431 1202 602 1266 aeternaque
611 1198 751 1265 Pergama
760 1212 852 1260 servas,

142 1270 309 1332 Exspectate
320 1265 381 1316 solo
391 1264 527 1317 Laurenti
537 1269 665 1334 arvisque
674 1268 796 1332 Latinis,

108 1348 112 1367 ¹
141 1338 197 1388 liic
205 1336 255 1386 tibi
267 1339 345 1386 certa
355 1335 465 1397 domus,
475 1337 557 1398 certi,
568 1351 603 1388 ne
613 1336 730 1399 absiste,
742 1338 852 1403 Penates

101 1407 204 1465 40Neu
214 1405 281 1456 belli
291 1409 400 1456 terrere
410 1405 499 1455 minis.
520 1407 625 1457 Tumor
635 1406 726 1457 omnis
738 1411 769 1458 et
777 1408 845 1458 irae

144 1478 312 1527 Concessere
323 1474 414 1525 deum.

142 1546 257 1612 lamque
266 1544 330 1605 tibi,
342 1559 377 1594 na
388 1556 458 1592 rana
468 1548 549 1608 putes
560 1539 629 1595 haec
637 1543 746 1610 fingere
756 1559 852 1598 somno

143 1614 265 1664 litoreis
275 1614 373 1679 ingens
383 1613 495 1662 inventa
504 1612 555 1662 sub
566 1611 674 1662 ilicibus
685 1629 744 1676 sus,

70 1718 72 1725 -
143 1684 274 1750 Triginta
283 1682 404 1747 capitum
415 1679 489 1731 fetus
500 1682 593 1742 enixa,
604 1682 721 1744 iacebit;

100 1751 133 1804 45
144 1752 225 1812 Alba,
236 1751 297 1801 solo
308 1750 460 1812 recubans,
471 1748 527 1800 albi
538 1751 641 1800 circum
652 1751 742 1803 ubera
752 1755 820 1804 nati.

142 1821 197 1871 Hic
207 1820 285 1870 locus
295 1821 372 1870 urbis
384 1819 450 1880 erit,
460 1820 571 1886 requies
583 1834 617 1870 ea
627 1825 705 1871 certa
715 1819 845 1873 laborum

141 1890 186 1940 Ex
196 1902 250 1955 quo
262 1887 396 1938 terdenis
407 1886 505 1938 urbem
515 1887 695 1940 redeuntibus
707 1894 791 1942 annis

141 1957 274 2008 Ascanius
285 1954 353 2005 clari
363 1954 464 2006 condet
474 1958 645 2022 cognominis
655 1958 764 2010 Albam.

141 2025 225 2076 Haud
234 2026 342 2074 incerta
352 2037 429 2074 cano.
440 2023 520 2074 Nunc
531 2041 585 2092 qua
595 2028 713 2090 ratione,
725 2029 802 2095 quod
812 2032 852 2080 ins

100 2103 132 2155 50
141 2093 278 2158 Expedias
289 2093 389 2153 victor,
400 2094 506 2156 paucis,
518 2095 645 2157 adverte,
656 2096 772 2148 docebo.

57 2188 60 2197 ·
141 2161 260 2212 Arcades
270 2159 313 2210 bis
325 2161 394 2223 oris,
404 2176 491 2227 genus
503 2178 520 2213 a
530 2162 656 2216 Pallante
667 2165 836 2231 profectum,

141 2231 195 2292 Qui
204 2244 298 2297 regem
308 2230 468 2281 Evandrum
479 2233 605 2295 comites,
616 2235 662 2302 qui
673 2240 755 2302 signa
765 2238 852 2290 secuti

140 2300 278 2366 Delegere
289 2298 393 2360 locum,
404 2304 432 2350 et
441 2315 559 2365 posuere
570 2304 750 2356 inarantibus
762 2309 852 2359 urben:

141 2369 275 2421 Pallantis
285 2369 381 2434 proavi
392 2368 426 2419 de
437 2371 549 2422 nominc
559 2370 746 2429 Pallanteum,

47 2458 51 2466 ·
99 2439 178 2498 55Ηί
188 2438 293 2491 bellum
304 2438 414 2489 assidue
425 2438 530 2489 ducunt
541 2455 602 2491 cum
611 2448 695 2508 gente
705 2444 825 2509 Latina3

141 2510 200 2559 Hos
211 2508 309 2558 castris
320 2505 419 2558 adhibe
430 2509 531 2569 socios,
543 2515 572 2560 ct
582 2508 697 2562 foedera
708 2513 803 2582 iunge.

6 2576 13 2585 “
108 2622 110 2627 ,
139 2578 199 2643 lpse
211 2591 262 2643 ego
273 2583 301 2628 te
312 2577 379 2642 ripis
391 2583 419 2628 et
429 2583 506 2629 recto
517 2577 629 2630 ilumine
641 2581 751 2645 ducam,

139 2635 290 2698 Advetsum
299 2648 383 2698 remis
393 2661 506 2714 superes
515 2648 660 2701 subvectus
672 2656 704 2703 ut
712 2651 832 2705 ominem.
