1882 3052
123 134 510 219 suspiremus
658 141 706 196 ror

88 243 289 306 ingentemque
300 253 387 292 norae
399 240 690 309 Carthaginisarcem3

88 321 113 358 ie
125 306 238 371 solum,
250 306 317 359 facti
328 309 362 362 de
372 311 484 362 nomine
494 311 624 377 Byrsam,
639 334 641 338 .

89 381 219 427 uantum
229 382 344 443 possent
354 378 526 431 circumdare
536 383 624 446 tergo.
654 401 664 415 =

88 446 112 494 ri
124 444 257 508 tandem,
269 447 368 513 quibus
378 453 428 498 aut
437 449 551 499 verrutis
562 449 596 500 ab
608 449 672 508 oris,

88 512 240 565 ,etisitert
255 515 407 577 Quaerenti
418 516 520 568 talibus
530 515 580 568 ille
716 523 781 590 570·

95 584 219 650 imoque
230 581 343 644 trahens
353 600 371 635 a
381 590 493 650 pectore
504 599 613 636 vocem:

88 652 113 702 si
126 653 221 717 prima
230 656 360 718 repetens
371 655 404 705 ab
416 656 524 721 origine
535 669 650 722 pergam

88 719 200 771 ‚nnales
210 727 370 772 nostrorum
380 722 476 774 andire
488 723 624 786 laborum,

88 809 93 839 ι
106 789 209 843 clauso
220 796 370 855 componet
377 791 486 856 Vesper
496 792 637 858 Olympo.v

91 872 112 908 a
124 858 254 925 antiqua,
265 860 288 908 si
299 862 405 909 restrae
416 859 489 912 forte
500 875 550 925 per
559 875 641 912 aures
716 863 766 932 375
802 872 809 882 ‘

88 942 163 1000 :men
174 928 219 989 iit,
230 927 339 979 diversa
349 943 399 993 per
409 942 533 996 aequora
542 935 645 992 vectos,

98 995 219 1063 Libyeis
229 1002 379 1062 tempestas
390 997 500 1064 appulit
511 997 575 1066 oris.

92 1067 220 1129 Aeneas,
230 1071 327 1132 raptos
337 1067 384 1137 qui
394 1082 430 1118 ex
440 1064 520 1117 hoste
531 1064 650 1118 Penates

88 1148 121 1184 ro
132 1149 255 1197 mecum,
267 1135 342 1186 fama
351 1151 435 1202 super
445 1133 561 1186 aethera
571 1140 654 1185 notus
664 1151 673 1197 3

88 1217 174 1254 raero
186 1205 318 1270 patriam,
328 1219 415 1270 genus
426 1204 461 1254 ab
471 1205 536 1254 love
547 1217 663 1272 summe.
717 1202 767 1255 380

88 1270 247 1339 Phrygium
258 1273 405 1324 conscendi
415 1273 530 1323 navibus
541 1286 655 1339 aequor,

88 1357 102 1392 a
113 1347 289 1392 monstrante
298 1343 382 1403 viem,
394 1342 459 1392 data
470 1338 529 1391 fata
538 1345 665 1402 secutus3

88 1410 279 1470 inconvulsae
289 1410 371 1461 undis
380 1413 514 1478 Euroque
524 1415 686 1474 supersunt:

88 1484 144 1542 ius,
156 1493 253 1546 egens,
263 1479 370 1546 Libyae
380 1479 492 1530 deserta
501 1492 629 1544 peregre,

88 1552 156 1615 tque
165 1550 230 1606 Asia
240 1547 343 1614 pulsus.
364 1547 424 1599 Nec
435 1546 516 1614 plura
526 1550 690 1613 querentem
716 1544 766 1599 585

88 1632 135 1669 rus
146 1617 237 1669 medio
248 1618 288 1668 sic
297 1616 432 1668 interfata
442 1615 540 1676 dolore
551 1620 604 1667 est:

88 1683 707 1754 ises‚haud,credo‚inrisuscoelestibusauras

88 1756 169 1822 opis,
179 1757 297 1822 Tyriam
308 1757 354 1822 qui
366 1754 511 1806 adveneris
521 1753 626 1803 urbem.

88 1824 135 1888 do,
146 1823 301 1891 atquehinc
306 1831 334 1872 te
340 1822 453 1887 reginae
460 1819 494 1869 ad
501 1818 704 1886 liminapericr.

88 1894 132 1945 ibi
143 1893 260 1945 reduces
269 1891 360 1941 socios
372 1890 541 1956 classemque
551 1888 670 1939 relatam
704 1890 765 1958 590

88 1967 105 2012 ιι
114 1964 146 2013 ἰιι
155 1966 260 2022 tutum,
271 1960 358 2011 versis
368 1958 560 2025 aquilonibus,
571 1963 670 2019 aetam,

88 2033 255 2098 teugurium
266 2029 330 2079 rani
340 2022 461 2079 docuere
471 2033 609 2092 parentes.
756 2030 760 2038 '

88 2103 115 2152 is
126 2115 208 2165 senos
220 2099 357 2150 laetantes
367 2098 477 2163 agmine
488 2110 604 2162 cyanem

88 2183 158 2237 quos
167 2169 246 2234 lapsa
255 2166 340 2233 plaga
349 2167 423 2218 loris
433 2165 492 2226 ales
502 2170 600 2230 aperto

88 2237 196 2290 :coelo:
213 2252 288 2288 nunc
297 2241 387 2286 terras
397 2235 495 2286 ordine
506 2234 591 2300 longo
716 2230 765 2303 5135

88 2324 112 2361 re
123 2312 174 2358 aut
184 2312 280 2372 captas
291 2307 344 2354 iam
355 2304 518 2369 despectare
530 2302 667 2357 videntur.

88 2392 112 2429 es
121 2376 167 2426 illi
176 2376 277 2426 ludunt
286 2374 467 2425 stridentibus
478 2372 539 2433 alis,

88 2448 201 2497 cinxere
212 2445 321 2511 polum,
332 2447 485 2509 cantusque
495 2440 611 2501 dedere3

88 2531 126 2568 :er
136 2529 298 2581 puppesque
308 2518 373 2563 tuae
385 2512 527 2577 pubesque
538 2514 649 2558 tuorum

88 2600 124 2633 rm
134 2589 220 2642 tenet,
232 2582 375 2647 autpleno
384 2581 464 2632 subit
474 2580 549 2632 ostia
558 2576 632 2631 velo.
723 2575 774 2630 sirio

88 2650 128 2705 ie,
141 2653 179 2708 et,
192 2663 248 2712 qua
261 2656 289 2700 te
299 2651 381 2702 ducit
391 2653 451 2718 ria,
463 2652 561 2724 dirige
574 2666 716 2725 gressum
