1882 3052
176 164 232 257 rra
330 199 363 255 r.
380 200 564 258 vraeunr
586 200 776 258 ussurus

173 305 337 376 Alloquere‚
348 309 377 361 et
388 304 493 360 celeres
504 305 583 360 defer
593 321 656 359 mea
666 306 742 360 dicta
751 322 803 374 per
813 321 854 358 aur

172 375 236 429 Non
245 377 327 430 illum
337 377 417 430 nobis
426 376 554 444 genetrix
564 375 751 443 pulcherrima
761 377 848 429 talem

172 444 318 510 Promisit,
329 446 500 514 Graiumque
509 446 574 498 ideo
583 447 626 498 bis
636 447 758 500 vindicat
767 447 854 498 armis

173 513 229 569 Sed
240 514 315 578 fore,
328 515 375 584 qui
385 514 529 584 gravidam
539 516 665 582 imperiis
675 516 806 586 belloque
816 510 854 569 fre

590 590 654 638 tem.

114 655 164 708 230
172 652 282 706 ltaliam
292 657 417 720 regeret,
427 666 516 720 genus
527 652 585 704 alto
596 669 613 705 a
623 655 759 722 sanguine
769 654 854 706 Teuc

172 721 322 784 Proderet,
333 726 467 774 actutum
478 723 529 774 sub
540 722 618 791 leges
629 726 754 775 mitteret
764 723 854 775 orbem

173 789 204 842 Si
214 790 293 840 nulla
304 791 433 843 accendit
441 796 584 843 tantarum
595 792 687 859 gloria
697 806 803 855 rerum,

172 858 232 912 Nec
242 874 327 926 snper
336 861 398 926 ipse
409 875 460 912 sua
471 861 586 911 molitur
597 861 680 913 laude
689 861 830 923 laborem3

171 929 327 980 Ascanione
337 935 419 996 pater
428 930 568 981 Romanas
578 930 684 982 inridet
694 926 792 981 arcesl

113 1000 162 1054 235
173 996 247 1059 euin
257 997 357 1049 struitt
367 1003 417 1050 aut
427 1013 482 1066 qua
492 1013 540 1064 spe
550 999 663 1051 inimica
672 999 701 1048 in
711 1002 854 1066 gentemor

171 1066 232 1119 Nec
242 1067 351 1134 prolem
361 1069 513 1120 Ausoniam
523 1071 552 1118 et
561 1067 678 1135 Lauinia
687 1068 805 1133 respicit
814 1083 854 1119 arr

171 1135 302 1204 Naviget:
318 1134 387 1188 baec
398 1150 507 1186 summa
518 1141 573 1198 est;
583 1133 629 1186 bic
640 1137 729 1186 nostri
740 1137 854 1188 nuntius

202 1203 336 1256 Dixerat.
355 1203 408 1256 ille
419 1202 507 1270 patris
519 1206 612 1271 magni
623 1219 723 1270 parere
733 1207 854 1271 parabat

173 1274 305 1341 imperio:
321 1276 351 1325 et
360 1275 481 1340 primum
492 1272 609 1339 pedibus
620 1273 722 1325 talaria
733 1276 822 1326 nectit

11 1378 17 1388 ·
113 1342 164 1397 240
173 1345 278 1404 Aurea,
290 1357 361 1410 quae
371 1342 519 1393 sublimem
529 1341 594 1404 alis,
606 1343 664 1394 sive
675 1357 800 1411 aequora
810 1359 854 1411 sn}

173 1411 229 1464 Seu
240 1419 359 1473 terram,
369 1410 468 1477 rapido
480 1413 585 1476 pariter
596 1427 657 1462 cum
667 1411 781 1465 flamine
791 1420 854 1479 port

173 1483 247 1533 Tum
257 1482 364 1549 virgam
374 1481 461 1546 capit:
477 1477 530 1530 bac
540 1481 647 1530 animas
657 1481 705 1532 ille
717 1488 817 1533 evocat
827 1482 852 1533 0

172 1549 328 1612 Pallentes,
340 1549 410 1600 alias
421 1549 471 1600 sub
483 1550 605 1599 Tartara
615 1550 708 1600 tristia
718 1551 820 1614 mittit3

52 1660 61 1685 ‚¹
173 1617 231 1669 Dat
241 1632 354 1670 somnos
363 1619 529 1686 adimitque,
540 1623 568 1668 et
577 1617 684 1669 lumina
695 1626 786 1672 morte
797 1623 854 1672 resi

113 1682 224 1738 245111a
235 1688 325 1741 fretus
337 1689 396 1755 agit
405 1694 517 1750 ventos,
528 1693 556 1738 et
566 1688 679 1739 turbida
689 1693 786 1739 tranat

171 1755 282 1808 Nubila.
288 1759 401 1823 lamque
407 1757 502 1808 volans
508 1757 613 1821 apicem
621 1757 744 1809 etintera
750 1759 854 1810 arduas

171 1825 292 1878 Atlantis
303 1824 379 1887 duri,
390 1825 499 1876 coelum
511 1826 558 1891 qui
569 1827 673 1877 vertice
685 1825 778 1894 fulcit,-

164 1893 304 1955 'Atla'ntis,
315 1895 436 1945 cinctum
446 1893 557 1944 assidue
569 1896 613 1944 cui
624 1895 742 1946 nubibus
754 1897 825 1947 atris

170 1961 325 2013 Piniferum
336 1967 433 2027 caput,
444 1967 473 2012 et
483 1967 564 2024 vento
575 1963 703 2029 pulsatur
713 1968 742 2016 et
751 1966 851 2029 imbri;

111 2028 161 2080 250
170 2030 224 2082 Nix
234 2028 365 2081 humeros
374 2027 467 2080 infusa
477 2031 560 2096 tegit:
576 2037 635 2082 tum
649 2032 766 2084 flumina
776 2042 854 2086 ment

129 2114 132 2119 ·
169 2099 361 2164 Praecipitant
372 2100 459 2160 senis,
469 2104 498 2150 et
507 2099 596 2166 glacie
608 2104 682 2168 riget
692 2101 809 2156 horrida
819 2105 854 2156 ba

168 2169 224 2219 Hic
234 2169 353 2233 primum
364 2165 478 2234 paribus
488 2170 579 2221 nitens
591 2170 735 2236 Cyllenius
746 2173 800 2224 alis

170 2237 315 2300 constitit3
330 2235 463 2289 hinctoto
474 2252 606 2305 praeceps
617 2255 648 2293 se
658 2255 776 2307 corpore
787 2242 823 2294 ad
833 2259 852 2295 u

169 2306 262 2370 Misit,
273 2307 317 2358 avi
327 2308 439 2371 similis,
449 2323 520 2374 quae
532 2310 634 2360 circum
645 2308 744 2372 litora',
755 2314 854 2364 circun

109 2367 159 2421 255
169 2375 298 2429 Piscosos
308 2377 451 2442 scopulos,
462 2375 573 2428 humilis
583 2378 661 2430 volat
669 2394 794 2446 aequora
803 2383 853 2434 iux

168 2446 270 2498 *Haud
281 2446 362 2498 aliter
372 2451 463 2499 terras
473 2449 547 2498 inter
558 2448 721 2516 coelumque
731 2450 854 2514 volabat,

168 2515 268 2566 *Litus
278 2530 425 2569 arenosum
435 2516 543 2584 Libyae
553 2524 704 2585 ventosque
714 2520 839 2583 secabat,

165 2585 317 2641 *Materno
328 2588 444 2643 veniens
454 2587 489 2640 ab
499 2601 552 2639 aro
559 2623 567 2650 ,
574 2587 705 2653 byllcma
710 2588 817 2651 meles.

158 2655 195 2710 Vt
202 2663 337 2728 primum
349 2661 439 2717 alatis
446 2655 684 2726 tetigitmagalia
688 2653 809 2717 alantis,

78 2723 136 2777 260
146 2730 274 2790 Aenean
288 2732 474 2794 fundantem
486 2742 573 2784 arces
582 2724 854 2777 ectemannsansen
