1882 3052
128 175 163 227 ss
288 173 318 227 r.
338 173 522 227 virumn
543 150 734 225 smuou'ls

129 279 240 329 Circum
251 275 376 329 claustra
385 276 520 328 fremunt:
535 275 611 328 celsa
621 270 834 327 sedetdeuiuse

128 346 247 414 Sceptra
256 344 834 413 tenens,moffitqueanimoeettemperuti

127 416 164 468 u'i
175 417 274 480 faeiat,
283 416 372 466 merie
381 429 415 466 ee
424 420 514 466 terras
525 415 690 481 coelumque
701 411 834 479 profundi

128 486 240 551 Quippe
249 485 342 536 serant
352 483 442 550 rapidi
452 499 555 546 seeum,
565 487 834 550 verrantquepersu

85 553 119 605 ⁶0
129 553 184 606 Sed
197 559 278 620 puter
286 553 463 618 omnipotens
472 553 614 620 speluncis
624 550 734 604 abdidit
743 553 822 615 atris,

126 624 191 676 lior
200 627 340 674 memeus:
354 622 514 689 molemque
524 627 673 674 et-moutes
683 622 800 688 iusuper
809 619 834 671 ui

127 691 277 758 imposuit,
286 706 439 760 regemque
447 691 540 754 dedit,
550 693 598 759 qui
608 690 724 742 foedere
734 695 813 742 eerto

127 762 167 814 Et
176 776 317 827 premere,
327 766 357 812 et
365 759 445 812 laxas
455 763 540 813 sciret
550 761 618 813 dare
627 761 720 811 iussus
730 756 834 812 habene

9 858 14 867 ,
127 831 168 886 Ad
181 845 264 898 quem
274 835 333 880 tum
340 831 414 882 ¹luno
424 830 543 897 supplex
553 829 597 880 his
606 830 722 881 vocibus
731 843 783 885 use
794 832 834 880 esi

86 895 120 949 65
162 898 263 963 desole,
273 913 394 967 namque
405 901 456 951 tibi
466 901 560 973 dirum
570 904 748 967 peteretque
759 897 834 950 liomi

543 986 609 1020 num
622 983 674 1021 rex

128 1039 167 1090 Et
176 1037 300 1090 mulcere
311 1038 391 1090 dedit
398 1037 500 1090 fluctus
511 1044 541 1091 et
549 1039 653 1090 tollere
663 1043 758 1101 vento,

128 1106 204 1159 Gens
213 1109 327 1159 inimica
336 1106 402 1159 mihi
413 1105 592 1175 Tyrrhenum
604 1108 720 1174 nauigat
729 1120 834 1176 aequor

126 1175 211 1229 llium
220 1178 250 1227 in
260 1177 370 1228 ltaliam
382 1184 498 1245 portans
507 1179 652 1245 iicto‘sque
663 1176 797 1229 Penates:

128 1246 226 1298 incute
236 1247 292 1297 vim
303 1248 405 1311 ventis,
414 1246 627 1315 submersasque
637 1246 726 1298 obrue
737 1260 834 1313 puppe

87 1335 121 1388 7⁰
128 1316 185 1368 Aut
194 1330 246 1383 age
257 1316 394 1380 diversos3
410 1323 439 1368 et
450 1316 546 1367 disiice
557 1330 677 1382 corpora
687 1320 785 1381 ponto.

129 1383 203 1436 Sunt
211 1383 442 1451 mihibisseptem
450 1382 834 1452 praestantieorporeNymp

128 1454 268 1518 Quarum,
278 1469 350 1523 quae
360 1455 451 1506 forma
462 1450 663 1520 pulcherrima,
674 1454 832 1520 Deiopeam

129 1523 274 1575 Cunnubio
285 1527 396 1592 iungam
407 1522 501 1575 stabili
512 1524 710 1590 propriamque
722 1523 834 1576 dicabo:

129 1591 234 1646 Omnes
244 1598 277 1644 ut
286 1599 377 1646 tecum
390 1594 497 1646 meritis
508 1607 559 1658 pro
570 1593 674 1643 talibus
685 1607 776 1644 annos

86 1663 119 1733 75
127 1659 243 1729 Exiget,
254 1669 284 1714 et
293 1661 507 1728 pulchrufaciat
516 1668 544 1713 te
556 1661 635 1727 prule
646 1667 802 1728 parentem.

163 1731 268 1782 Aeolus
278 1729 348 1781 haec
358 1737 468 1782 eontra:
482 1732 570 1792 Tuus,
581 1745 598 1780 u
608 1732 715 1797 regine,
727 1731 796 1798 quid
805 1744 834 1797 op

126 1797 286 1863 Explorare
297 1799 389 1862 labor3
405 1798 560 1858 mihiiussa
571 1814 718 1865 capessere
730 1800 773 1851 ias
783 1804 831 1853 est.

127 1866 174 1919 Tu
183 1866 260 1928 mihi,
271 1867 457 1932 quodeunque
467 1865 521 1915 hoc
530 1869 618 1933 regni,
629 1873 661 1918 tu
671 1875 786 1936 sceptra
794 1870 833 1922 lo·

542 1949 602 1986 rem
625 1953 660 1990 ue

62 1999 65 2007 '
128 2002 280 2066 Concilium
296 2007 328 2053 tu
339 2002 388 2053 das
399 2000 491 2067 epulis
501 1953 667 2058 eccuniiilere
678 2007 782 2072 diuim,

83 2074 117 2127 80
126 2072 347 2139 Nimborumque
357 2070 426 2122 facis
435 2077 691 2143 tempestatumque
701 2082 834 2144 potenter

160 2143 239 2194 Haec
248 2138 390 2204 ubi-dieta,
401 2143 498 2192 eurum
505 2148 834 2213 conversacuspidemoui

124 2211 242 2277 Impulit
250 2211 279 2261 in
289 2209 378 2273 latus3
392 2225 426 2262 eo
437 2211 524 2274 venti,
534 2212 613 2264 velut
622 2218 734 2281 agmine
745 2216 827 2279 iaetu,

125 2282 189 2344 Qua
198 2279 264 2332 datu
274 2285 369 2347 porte,
379 2284 479 2343 ruunt,
490 2287 520 2333 et
528 2284 744 2346 terrasturbine
753 2284 834 2354 perii

124 2349 280 2403 Incubuere
289 2351 679 2419 mari‚t0tumqueasediiius
689 2355 754 2406 imis

82 2420 117 2476 85
126 2420 192 2481 vna,
199 2419 349 2487 Eurusque
359 2418 506 2487 Notusque
517 2428 604 2541 ruurlilt
614 2424 769 2490 creberque
779 2436 834 2493 pru

542 2506 573 2542 ce
598 2507 622 2541 is
814 2517 817 2521 ·

126 2549 249 2623 Africus,
261 2562 291 2611 et
299 2525 394 2610 vastos
403 2557 521 2610 volvunt
532 2559 568 2610 ud
578 2559 664 2615 litura
673 2561 786 2629 ductus.

126 2630 287 2698 insequitur
296 2628 458 2696 clamorque
466 2629 834 2700 sirumstridorquerudeut

126 2700 258 2770 Eripiunt
267 2697 361 2752 subito
371 2697 460 2752 nubes
471 2698 636 2768 coelumque
647 2700 781 2772 diemque
