1882 3052
154 106 157 114 Χ
209 148 259 204 nu
324 121 329 130 ’
363 148 393 200 r.
413 147 595 202 vmcrnn
617 146 806 201 nnnoms

207 251 350 321 virgulta,
360 260 390 305 ct
398 253 490 304 densis
500 250 648 303 hastilibus
658 249 772 302 horrida
782 255 890 318 myrtus

111 378 116 386 ,
198 323 329 386 ‘Accessi3
344 322 515 388 viridemque
525 321 559 371 ab
570 319 655 371 humo
666 319 824 372 convellere
834 319 890 370 silv,

163 389 342 454 serenatus,
353 392 436 442 ramis
445 395 569 456 tegerem
579 395 611 440 ut
622 389 816 440 frondentibus
824 403 890 439 aras

204 460 385 512 Horrendum
396 465 425 511 et
434 459 510 509 dictu
520 457 601 509 video
611 454 738 510 mirabile
748 462 890 519 monstror

204 528 289 590 Nam,
299 543 369 594 quae
380 528 470 593 prima
480 526 553 589 solo,
565 529 654 592 ruptis
664 527 816 590 radicibus,
826 527 890 578 arbe

204 597 341 658 Vellitur,
352 594 416 646 huic
425 601 488 646 atro
499 595 645 661 liquuntur
655 598 789 662 sanguine
799 601 890 662 guttae

204 665 243 715 Et
252 670 358 715 terram
369 664 434 714 tabo
445 665 594 714 oraculant
615 663 686 715 Mihi
697 664 815 732 frigidus
826 663 890 716 horr

120 756 123 763 ·
161 732 196 795 50
204 733 332 784 Membra
342 733 440 799 quatit,
450 732 614 799 gelidusque
625 731 890 785 coitformidinesan

202 801 310 851 Rursus
320 807 350 852 et
360 801 475 853 alterius
484 801 591 853 lentum
602 801 755 854 convellere
766 803 859 854 vimen

202 870 349 936 lnsequor,
362 876 391 920 et
399 885 510 922 caussas
521 872 631 936 penitus
642 876 751 923 tentare
761 872 889 922 latentis:

202 941 271 990 Ater
281 943 310 988 et
319 939 437 990 alterius
447 941 574 1006 sequitur
584 940 618 990 de
629 941 733 991 cortice
743 941 866 1006 sanguis.

175 1066 178 1071 ‚
203 1007 890 1076 Multamovensaninro,Nymphasvenerabaragr·

160 1072 194 1126 55
204 1075 410 1143 Gradivumque
422 1083 542 1143 patrem,
553 1077 659 1128 Geticis
669 1079 716 1145 qui
727 1078 890 1144 praesideta

202 1146 265 1196 Rite
275 1146 463 1196 secundarent
472 1148 559 1208 visus,
570 1162 706 1213 omenque
717 1147 853 1199 levarent.

201 1215 300 1266 Tertia
309 1215 358 1265 sed
368 1221 514 1280 postquam
525 1215 631 1266 maiore
641 1213 754 1266 hastilia
763 1217 828 1266 nisu

200 1283 369 1351 Aggredior,
379 1284 550 1350 genibusque
560 1284 693 1335 adversae
704 1285 836 1335 obluctor
845 1301 890 1338 are

202 1353 352 1420 (Eloquar,
362 1366 398 1402 an
409 1351 539 1414 sileam'l)
552 1356 673 1419 gemitus
683 1353 867 1406 lacrimabilis
879 1357 889 1405 i

158 1415 193 1470 4ο
201 1420 322 1474 Auditur
330 1421 439 1485 tumulo
445 1458 453 1484 ,
465 1427 493 1471 et
503 1436 557 1472 vox
567 1421 677 1472 reddita
688 1421 779 1473 fertur
788 1423 825 1473 ad
836 1439 889 1474 aur

201 1491 275 1558 Quid
285 1492 426 1553 miserum,
435 1493 536 1552 Aenea,
547 1489 670 1541 lacerant
680 1492 735 1541 iam
745 1506 831 1557 parce
836 1508 890 1559 sep¹

200 1559 289 1611 Parce
299 1563 359 1625 pias
368 1561 507 1612 scelerare
517 1574 622 1610 manus.
643 1559 705 1610 Non
716 1575 759 1610 me
770 1560 821 1611 tibi
833 1563 890 1613 Tro

199 1628 354 1679 Externum
363 1629 442 1692 tulit,
453 1634 502 1680 aut
511 1644 594 1679 cruor
605 1627 648 1679 hic
659 1629 692 1679 de
702 1631 797 1694 stipite
808 1645 890 1682 nnana

200 1696 278 1748 Heul
292 1696 359 1765 fuge
370 1699 498 1750 crudeles
507 1703 611 1759 terras,
623 1696 688 1764 luge
697 1698 764 1748 litus
774 1713 890 1751 avarum

157 1758 191 1812 45
200 1764 270 1816 Nam
280 1764 440 1831 Polydorus
451 1783 511 1833 ego.
531 1767 586 1817 Hic
596 1769 734 1816 confixum
745 1766 842 1820 ferrea
852 1776 890 1821 te:

188 1833 336 1901 ,Telorum
347 1848 440 1900 seges,
451 1842 479 1885 et
489 1835 587 1886 iaculis
597 1836 714 1886 increvit
724 1837 824 1888 acutis.

89 1951 93 1955 ,
199 1902 273 1952 Tum
283 1915 350 1954 vero
360 1904 475 1967 ancipiti
487 1909 608 1954 mentem
620 1902 767 1956 formidine
778 1920 890 1970 pressus

80 1964 86 1979 '
111 1972 120 2009 l
200 1969 352 2036 Obstupui,
361 1974 554 2038 steteruntque
564 1984 672 2090 corqae,
683 1980 712 2025 ot
720 1988 774 2024 vox
784 1973 890 2028 faucibr

141 2068 144 2073 -
634 2044 711 2094 aesit.

126 2100 133 2108 ‘
232 2107 316 2158 Hunc
326 2106 501 2173 Polydorum
513 2109 573 2159 auri
583 2112 724 2176 quondam
735 2128 798 2164 cum
811 2116 890 2181 pond

106 2190 123 2217 θ’
508 2198 526 2215 ”-
613 2195 714 2231 maffno

154 2251 191 2304 50
198 2241 299 2295 lnfelix
309 2241 436 2296 Priamus
447 2244 543 2297 furtim
555 2218 703 2300 mandassat
713 2250 845 2303 alendum

197 2311 329 2364 Threicio
339 2317 413 2382 regi,
425 2330 508 2382 quum
519 2319 574 2366 iam
584 2316 724 2370 diffideret
733 2323 820 2371 armis

197 2381 370 2446 Dardaniae,
382 2385 510 2451 cingique
519 2386 616 2437 urbem
628 2389 773 2441 obsidione
784 2392 890 2444 videre

195 2451 256 2514 llle,
266 2457 298 2502 ut
308 2466 375 2519 opes
386 2451 493 2505 fractae
504 2455 653 2519 Teucrum,
664 2457 826 2510 etFortuna
836 2476 890 2514 rec

44 2572 48 2591 Ι
196 2520 251 2572 Res
261 2523 492 2590 Agamemnonias
501 2524 682 2593 victriciaque
691 2541 770 2580 arma
779 2536 890 2582 secutur

82 2604 87 2609 ·
143 2594 184 2650 55
191 2589 494 2662 Fasomneabrumqit,
504 2593 839 2662 Polydorumobtruncat,
851 2609 882 2651 et

187 2661 359 2728 wpotitur.
380 2665 462 2737 Quid
468 2663 890 2732 monmormbaqectoracndxs,
