1882 3052
295 92 298 97 ⁴
333 50 397 102 Hoc
406 39 462 101 uno
473 39 608 117 responso
619 53 740 101 animum
752 49 854 101 delusit

275 121 325 176 545
335 120 389 181 Qui
401 118 462 169 fore
472 125 501 170 te
511 126 597 185 ponto
608 119 787 181 incolumem,
797 119 859 168 lines

334 188 492 240 Venturum
502 188 647 239 Ausonios.
667 189 709 238 En
721 186 789 238 haec
800 201 859 252 pror

334 255 387 309 llle
398 261 505 307 autem:
521 256 617 323 Neque
627 261 655 307 tc
666 254 770 306 Phoebi
781 256 859 306 curtii

335 324 401 375 Dux
410 323 576 376 Anchisiade
580 361 588 388 ,
599 340 650 375 nec
660 339 705 376 me
715 325 783 374 deus
794 338 859 390 aequ

281 418 287 431 ν
336 392 463 460 Namque
472 392 685 460 gubernaclum,
694 393 783 444 multa
792 394 819 442 vi
829 393 858 444 fc

277 463 327 515 350
337 462 387 511 Cui
399 463 481 513 datus
490 461 638 514 haerebam
650 467 756 523 custos,
766 476 859 512 cursus

335 529 527 596 Praecipitem
537 532 611 581 traxi
622 545 739 581 mecum.
760 532 852 580 Maria

335 597 400 651 Non
409 599 499 650 ullum
509 615 559 666 pro
569 615 613 651 me
623 605 731 650 tantum
743 601 847 665 cepisse
857 615 859 622 ·

336 668 427 728 Quam
438 673 486 718 tua
495 685 544 731 ne,
555 669 675 735 spoliata
685 670 781 731 armis,
792 683 860 720 excu

336 735 478 788 Deficeret
487 739 574 789 tantis
584 739 661 789 navis
672 739 849 804 surgentibus

278 807 328 860 555
337 805 408 858 Tres
417 812 501 859 notus
511 805 641 858 hibernas
651 808 784 857 immensa
794 821 843 871 per
854 822 859 856 r

336 872 423 928 Verlit
433 890 477 927 me
488 875 624 928 violentus
635 890 720 943 aqua;
734 877 779 925 vix
788 876 856 925 lumi

336 942 474 1011 Prospexi
484 944 594 996 ltaliam
603 959 710 996 summa
720 944 844 994 sublimis
856 961 859 992 a

336 1011 489 1066 Paullatim
499 1013 634 1066 adnabam
644 1018 749 1064 terrae:
765 1015 820 1063 iam
830 1019 859 1063 tu

337 1080 374 1132 Ni
383 1096 451 1148 gens
462 1081 583 1134 crudelis
594 1082 705 1134 madida
714 1097 777 1132 cum
787 1087 859 1133 veste

172 1172 178 1187 ·
278 1148 328 1204 560
337 1148 573 1218 Prensantemque
582 1153 660 1203 uncis
669 1152 795 1201 manibus
806 1166 857 1216 cap

750 1223 859 1281 montis,

335 1285 423 1340 Ferro
433 1286 591 1349 invasisset,
601 1288 788 1355 praedamque
798 1289 859 1354 igne

335 1353 416 1410 Nunc
426 1353 687 1421 meiluctushabet,
701 1361 859 1424 versantque

337 1422 418 1483 Quod
427 1427 456 1472 te
465 1437 515 1488 per
525 1423 597 1474 coeli
607 1425 757 1475 iucundum
768 1425 859 1478 lumen

335 1489 391 1542 Per
400 1491 554 1557 genitorem
565 1506 627 1554 oro,
637 1507 688 1558 per
696 1509 760 1559 spes
770 1509 859 1561 surgei

279 1553 328 1608 565
336 1559 421 1632 llripe
431 1573 475 1610 me
485 1556 541 1623 his,
552 1561 652 1614 invicte
657 1597 665 1623 ‚
676 1562 768 1624 malis;
783 1569 833 1614 aut
843 1570 859 1614 b
