1882 3052
169 124 221 176 att
237 146 248 153 ·
337 122 366 174 l‘.
386 121 566 175 VlllGllrll
590 120 779 175 utuaou'ts

169 229 299 279 Imminet
307 226 358 279 Ida
368 241 463 292 super,
475 227 600 296 profugis
610 227 771 294 gratissima
781 220 904 275 Teucris.

170 299 225 348 Hie
235 312 351 364 magnus
362 296 441 347 sellet
450 297 571 358 Aeneas,
582 311 734 363 secumque
744 293 855 345 volutat

118 366 164 416 mo
171 368 295 418 Eventus
304 366 372 417 belli
382 366 486 427 rarios;
497 364 647 433 Pallasque
657 366 773 415 sinistro

173 435 278 487 hffixus
288 434 370 495 lateri
380 436 434 485 iam
446 437 555 501 quaerit
565 436 672 496 sidera,
683 432 790 500 opaeae
856 480 861 487 .

175 504 270 556 Noctis
280 505 346 566 iter,
358 505 412 554 iam
423 518 494 570 quae
505 518 602 569 passus
612 510 746 571 terraque
757 499 901 568 marique.

210 572 923 639 PanditenuneHelioona,deae,eantusquemorets3

175 642 253 705 Quae
262 656 360 692 manus
370 643 478 692 interea
488 642 586 694 Tuscis
597 643 748 693 comitetur
759 640 793 691 ab
805 639 861 689 oris
921 702 924 707 Ι

118 708 165 760 165
174 712 298 770 Aenean,
309 715 455 778 armetque
465 717 552 773 rates,
563 711 719 779 pelagoque
728 707 856 761 vehatur.

210 780 346 830 Massicus
357 784 455 840 aerata
466 782 592 848 princeps
603 786 682 832 secat
691 793 817 846 aequora
827 775 909 895 'liqut

151 882 156 891 ,
176 847 232 901 Sub
244 863 299 914 quo
310 847 388 899 mille
400 863 497 899 nranus
506 851 635 902 iuvenum
649 886 657 912 ‚
669 848 715 916 qui
727 848 841 899 moenia
851 846 871 895 C
882 844 924 905 usi.

176 918 284 983 Quique
296 919 392 969 urbem
402 917 509 984 liquere
521 920 617 970 Cosas:
629 920 692 986 quis
703 917 775 980 tela,
785 915 899 982 sagittae
920 942 923 949 ·

177 988 330 1054 corytique
341 986 415 1039 leves
425 985 548 1039 humeris
559 994 588 1040 et
597 987 692 1039 letifer
701 1001 792 1038 arcus.

120 1063 168 1116 ²70
176 1056 241 1108 Vna
250 1061 347 1106 torvus
356 1056 439 1107 Abas:
451 1054 515 1108 huie
525 1064 617 1109 totum
629 1058 784 1123 insignibus
792 1053 877 1104 armis
925 1116 928 1121 Ι

178 1126 297 1192 Agman,
308 1130 336 1175 et
346 1139 413 1176 aura
440 1143 446 1164 ··
457 1124 583 1192 fulgebat
593 1126 722 1193 Apolline
733 1124 843 1191 puppis.

179 1193 331 1245 Sexcentos
340 1193 383 1242 illi
395 1193 510 1244 ‹lederat
520 1195 679 1262 Populonia
688 1200 779 1245 mater

178 1264 317 1327 Expertus
326 1261 394 1313 belli
404 1262 532 1327 iurenes3
543 1271 587 1315 ast
597 1264 657 1316 llva
666 1269 809 1315 trecentos

179 1331 284 1393 Insula,
295 1330 465 1382 inexhaustis
477 1331 633 1400 Chalybum
643 1347 783 1401 generosa
792 1328 915 1383 sustollis

121 1394 170 1463 ¹75
180 1402 302 1463 Tertius,
313 1398 362 1451 ille
373 1398 515 1452 hominum
526 1404 674 1470 dirumque
685 1398 930 1469 interpresttsylss

180 1470 231 1519 Cui
240 1470 375 1535 pecudum
388 1472 486 1533 librae,
496 1473 569 1524 coeli
579 1475 623 1523 cui
634 1472 727 1523 sidera
737 1477 850 1538 parent,

178 1539 215 1589 Et
225 1538 338 1605 linguae
348 1539 505 1602 voluerum,
517 1547 545 1593 et
554 1542 681 1608 praesagi
692 1540 823 1591 fulminis
833 1543 917 1608 ignes,

178 1607 260 1658 Mille
270 1609 345 1673 rapit
353 1608 455 1660 densos
465 1613 525 1662 aoie
536 1616 621 1678 atque
631 1608 811 1661 horrentibus
823 1608 913 1661 hastis.

148 1683 152 1689 '
178 1676 239 1725 Hos
250 1691 348 1741 parere
357 1679 454 1729 iubent
462 1678 585 1744 Alpheae
595 1680 629 1730 ab
641 1680 749 1744 origine
760 1678 857 1730 Pisae:

122 1741 169 1791 180
178 1743 251 1795 Vrbs
262 1746 380 1797 Etrusca
390 1747 459 1798 solo.
488 1746 620 1815 Sequitur
632 1747 839 1813 pulcherrimus
849 1748 931 1807 Astur,

177 1814 262 1863 Astur
272 1827 344 1879 equo
355 1815 443 1866 fidens
454 1821 483 1866 et
492 1816 706 1867 versicoloribus
717 1818 813 1867 armis.

178 1882 347 1931 Tercentum
359 1882 501 1946 adiiciunt,
512 1900 590 1936 mens
602 1883 931 1954 omnibusunasequenui.

177 1949 232 2010 Qui
243 1949 358 2000 Caerete
370 1951 465 2014 domo,
476 1954 523 2021 qui
534 1960 599 2004 sunt
609 1954 742 2004 Minionis
752 1955 781 2003 in
794 1957 882 2013 arsis,

176 2017 214 2068 Et
222 2016 308 2084 Pyrgi
319 2024 440 2082 veteres,
450 2023 687 2089 intempestaeque
696 2021 862 2075 Graviscae.

121 2076 168 2130 185
212 2084 274 2135 Non
286 2100 337 2151 ego
348 2091 390 2148 te,
401 2088 537 2154 Ligurum
549 2091 648 2143 ductor
659 2090 814 2144 fortissime
825 2092 908 2154 bello,

178 2155 362 2215 Transierim,
374 2156 478 2219 Cinyra
488 2163 516 2206 et
526 2162 621 2223 paucis
633 2161 764 2211 comitate
776 2163 904 2228 cupam,

179 2222 263 2272 Cuius
275 2221 400 2272 olorinae
411 2230 532 2288 surgunt
542 2227 576 2277 de
586 2231 690 2279 vertice
702 2244 825 2293 pennaer

179 2292 303 2354 Crimen,
312 2292 410 2353 Amor,
419 2299 556 2357 vestrum,
568 2295 730 2365 formaeque
740 2299 853 2367 insigne
863 2312 906 2366 pa·

592 2370 701 2418 ternae.

179 2430 305 2500 Namque
317 2429 410 2483 ferunt
418 2430 497 2482 luetu
509 2431 632 2498 Cycnum
643 2434 828 2489 Phaethontis
839 2437 924 2496 amati,

123 2500 317 2567 ¹90P0pu1eas
329 2504 401 2554 inter
412 2501 525 2552 frondes
538 2505 718 2572 umbramque
729 2520 860 2557 sororum

176 2570 254 2624 Dum
266 2573 355 2635 oanit,
365 2575 394 2624 et
400 2575 539 2622 moestum
546 2572 633 2621 blusa
638 2574 747 2625 solatur
757 2589 889 2636 eruorem,

174 2643 337 2699 Canentem
347 2642 431 2697 molli
439 2641 542 2711 pluma
551 2640 833 2698 burcissasenustamq
