1882 3052
47 215 52 221 -
122 179 175 234 286
284 177 314 230 P.
333 176 512 230 VlRGlLll
534 174 720 228 MARONIS

124 281 256 350 Quisquis
265 282 294 332 in
304 295 382 332 arma
392 294 482 331 vocas.
517 281 555 331 Et
563 281 603 330 sic
612 277 713 331 effatus
724 278 760 328 ad
769 293 802 328 un

124 351 277 413 Processit,
287 364 450 416 summoque
461 347 554 399 hausit
564 348 598 399 de
608 347 721 414 gurgite
731 347 788 413 lym
792 362 802 413 p

124 419 217 470 Multa
227 419 293 470 deos
304 432 399 481 orans3
411 418 590 485 oneravitque
601 415 718 467 aethera
728 418 802 466 rotis

84 488 116 540 25
159 488 272 554 lamque
283 488 371 538 omnis
381 487 484 553 campis
494 487 633 538 exercitus
643 486 702 536 ibat
712 487 802 552 aperti

125 556 210 606 Dives
221 559 334 624 equdm,
345 555 420 607 dives
430 556 514 621 pictai
525 555 608 605 vestis
619 555 731 605 et'auri.
767 554 775 560 '

124 625 271 689 Messapus
280 625 383 689 primas
394 624 480 685 acies,
491 629 632 689 postrema
643 625 775 673 coercent

125 694 150 743 T
172 688 285 743 rrhidoe
295 693 421 755 iuvenes;
436 693 527 743 medio
539 691 596 743 dux
605 692 717 758 agmine
729 693 802 742 Turn

126 707 265 824 [identitas
275 775 353 811 mma
363 766 473 822 tenens,
493 766 521 811 et
530 764 592 810 toto
601 760 708 810 vertice
720 775 752 809 su
757 774 802 825 pro

83 825 117 878 30
127 828 184 879 ceu
194 863 202 889 ,
212 832 318 893 septem
329 843 446 896 surgens
456 829 560 879 sedatis
571 828 712 889 amnibus,
723 828 797 878 altus

126 896 180 947 Per
188 897 304 947 tacitum
316 897 440 964 Ganges,
450 902 500 947 aut
509 897 605 963 pingui
615 894 733 947 flumine
743 895 802 946 Nilo

126 964 218 1024 Quum
229 963 324 1017 refluit
334 968 450 1031 campis,
462 971 491 1016 et
500 967 555 1015 iam
566 979 596 1015 se
607 964 736 1015 condidit
746 965 802 1015 alre

125 1032 180 1084 Hic
190 1033 308 1084 subitam
319 1036 399 1099 nigro
409 1033 559 1100 glomerari
571 1032 686 1098 pulvere
696 1032 798 1084 nubem

125 1099 302 1166 Prospiciunt
311 1102 422 1163 Teucri,
433 1117 466 1152 ac
474 1101 605 1152 tenebras
614 1103 764 1168 insurgere
775 1116 802 1152 ca

82 1166 116 1220 55
125 1167 235 1219 Primus
245 1168 280 1220 ab
291 1168 408 1221 adversa
418 1169 575 1220 conclamat
583 1169 657 1220 mole
669 1169 786 1220 Caicus:

126 1236 195 1298 Quis
204 1236 318 1303 globus,
329 1250 346 1286 o
357 1238 428 1288 cives
443 1272 451 1299 ,
462 1237 581 1305 caligine
590 1237 717 1287 volvitur
728 1237 800 1289 atra!

124 1305 209 1356 Ferte
220 1306 267 1356 citi
277 1304 382 1356 serrum
388 1342 396 1368 ,
408 1305 555 1368 datetela,
565 1305 693 1357 scandite
703 1319 798 1357 muros

23 1403 28 1411 ‹
125 1373 221 1424 Hostis
233 1374 324 1436 adest,
335 1375 387 1425 eia.
408 1375 517 1441 lngenti
528 1374 649 1425 clamore
659 1389 714 1440 per
725 1389 802 1426 omne

126 1442 256 1493 Condunt
265 1457 294 1492 se
305 1443 407 1494 Teucri
417 1447 525 1509 portas,
535 1448 565 1497 et
574 1445 687 1493 moenia
699 1442 802 1510 comple

82 1511 117 1565 40
125 1510 253 1577 Namque
261 1512 302 1561 ita
313 1511 456 1562 discedens
466 1515 649 1576 praeceperat
658 1514 802 1577 optimust

11 1588 15 1594 ¹
76 1589 80 1599 “
124 1581 279 1630 Aeneamsi
289 1593 344 1646 qua
355 1580 462 1631 interea
471 1578 597 1629 Fortuna
607 1577 723 1643 fuisset,

123 1646 186 1698 Neu
196 1652 305 1699 struere
316 1647 557 1709 auderentaciem,
568 1662 623 1698 neu
633 1649 754 1702 credere
763 1665 802 1700 car

126 1715 224 1765 Castra
232 1716 316 1767 modo
327 1721 355 1767 et
366 1721 442 1766 tutos
451 1720 596 1766 servarent
606 1729 712 1782 aggere
722 1732 802 1768 muro

124 1785 210 1848 Ergo,
221 1787 274 1834 etsi
281 1783 729 1854 conferremanumpudoriraque
739 1800 802 1836 mon

82 1851 115 1902 45
125 1851 371 1918 0biiciuntportas
380 1858 486 1915 tamen,
497 1857 526 1903 et
534 1858 686 1918 praecepta
696 1854 802 1905 facesso

123 1919 285 1986 Armatique
296 1921 369 1970 cauis
380 1926 542 1987 exspectant
550 1922 676 1971 turribus
687 1921 802 1974 hostem.

123 1987 802 2058 Turnus,utantevolanstardumpraecesseratag

122 2052 229 2118 Viginti
240 2054 320 2105 lectis
332 2058 456 2122 equitum
467 2060 615 2108 comitatus
627 2063 655 2108 et
663 2059 729 2110 urbi

122 2123 289 2186 Improvisus
300 2123 390 2174 adest:
401 2127 516 2175 maculis
527 2141 607 2192 quem
618 2125 759 2178 Thracius
770 2128 802 2178 ull

82 2187 115 2238 5ο
123 2189 221 2238 Portet
231 2204 330 2256 equus,
341 2193 480 2259 cristaque
491 2195 561 2260 tegit
570 2194 651 2261 galea
658 2209 751 2246 aurea
762 2196 802 2248 rul

121 2257 405 2323 Ecquiseritmecum,
415 2261 544 2312 iuvenesl
555 2265 600 2328 qui
607 2264 749 2329 primusin
756 2264 802 2315 lios

120 2326 176 2387 En,
188 2326 235 2377 ait
245 2327 282 2377 Et
292 2328 413 2378 iaculum
423 2334 586 2396 attorquens
596 2333 702 2382 emittit
712 2334 740 2382 in
752 2349 802 2384 aur

122 2393 290 2460 Principium
301 2411 423 2462 pugnae,
435 2403 463 2448 et
474 2413 570 2465 campo
580 2414 641 2451 sese
652 2401 759 2453 arduus
770 2403 802 2451 inl

123 2463 251 2536 Clamore
262 2464 402 2528 excipiunt
412 2466 492 2528 socii,
504 2467 674 2534 fremituque
684 2473 802 2536 sequent

79 2527 114 2580 55
122 2529 290 2595 Horrison03
300 2533 438 2585 Teucrdm
447 2538 587 2587 mirantur
595 2537 700 2588 inertia
710 2539 802 2600 corda-j

122 2599 184 2651 Non
196 2611 283 2668 aequo
294 2600 361 2652 dare
371 2617 401 2653 se
412 2617 587 2671 campo,non
596 2604 679 2656 obuia
690 2606 768 2658 ferre

122 2672 206 2722 Arma
216 2671 304 2735 viros,
324 2671 374 2732 sod
384 2671 589 2728 castraturae.
625 2673 691 2726 Huc
700 2673 802 2727 turbidi

531 2738 650 2808 quanm

712 2868 728 2908 x
