<?xml version="1.0" encoding="UTF-8"?>
<!DOCTYPE html PUBLIC "-//W3C//DTD XHTML 1.0 Transitional//EN"
    "http://www.w3.org/TR/xhtml1/DTD/xhtml1-transitional.dtd">
<html xmlns="http://www.w3.org/1999/xhtml" xml:lang="en" lang="en">
 <head>
  <title>
</title>
<meta http-equiv="Content-Type" content="text/html;charset=utf-8" />
  <meta name='ocr-system' content='tesseract 3.04.00' />
  <meta name='ocr-capabilities' content='ocr_page ocr_carea ocr_par ocr_line ocrx_word'/>
</head>
<body>
  <div class='ocr_page' id='page_1' title='image "./pvirgiliimaroni02virggoog/pvirgiliimaroni02virggoog_0177.png"; bbox 0 0 1882 3052; ppageno 0'>
   <div class='ocr_carea' id='block_1_1' title="bbox 191 153 800 223">
    <p class='ocr_par' dir='ltr' id='par_1_1' title="bbox 191 153 800 223">
     <span class='ocr_line' id='line_1_1' title="bbox 191 153 800 223; baseline -0.011 -8"><span class='ocrx_word' id='word_1_1' title='bbox 191 158 243 215; x_wconf 78' lang='lat' dir='ltr'><strong>ree</strong></span> <span class='ocrx_word' id='word_1_2' title='bbox 352 158 588 213; x_wconf 73' lang='lat' dir='ltr'><strong>avunclum</strong></span> <span class='ocrx_word' id='word_1_3' title='bbox 610 153 800 223; x_wconf 74' lang='lat' dir='ltr'><strong>mnnoprs</strong></span> 
     </span>
    </p>
   </div>
   <div class='ocr_carea' id='block_1_2' title="bbox 87 259 936 2640">
    <p class='ocr_par' dir='ltr' id='par_1_2' title="bbox 190 259 845 330">
     <span class='ocr_line' id='line_1_2' title="bbox 190 259 845 330; baseline -0.009 -14"><span class='ocrx_word' id='word_1_4' title='bbox 190 260 276 318; x_wconf 81' lang='lat' dir='ltr'><strong>Sacra</strong></span> <span class='ocrx_word' id='word_1_5' title='bbox 285 262 344 316; x_wconf 86' lang='lat' dir='ltr'><strong>lovi</strong></span> <span class='ocrx_word' id='word_1_6' title='bbox 355 261 466 330; x_wconf 83' lang='lat' dir='ltr'><strong>Stygio,</strong></span> <span class='ocrx_word' id='word_1_7' title='bbox 477 277 548 329; x_wconf 90' lang='lat' dir='ltr'><strong>quae</strong></span> <span class='ocrx_word' id='word_1_8' title='bbox 557 261 611 314; x_wconf 85' lang='lat' dir='ltr'><strong>rite</strong></span> <span class='ocrx_word' id='word_1_9' title='bbox 620 261 730 325; x_wconf 83' lang='lat' dir='ltr'><strong>incepta</strong></span> <span class='ocrx_word' id='word_1_10' title='bbox 739 259 845 326; x_wconf 80' lang='lat' dir='ltr'><strong>paravi,</strong></span> 
     </span>
    </p>

    <p class='ocr_par' dir='ltr' id='par_1_3' title="bbox 132 329 910 466">
     <span class='ocr_line' id='line_1_3' title="bbox 189 329 910 396; baseline -0.008 -11"><span class='ocrx_word' id='word_1_11' title='bbox 189 332 329 385; x_wconf 81' lang='lat' dir='ltr'><strong>Perficere</strong></span> <span class='ocrx_word' id='word_1_12' title='bbox 338 338 380 383; x_wconf 87' lang='lat' dir='ltr'><strong>est</strong></span> <span class='ocrx_word' id='word_1_13' title='bbox 389 332 508 392; x_wconf 86' lang='lat' dir='ltr'><strong>animus,</strong></span> <span class='ocrx_word' id='word_1_14' title='bbox 522 332 660 396; x_wconf 81' lang='lat' dir='ltr'><strong>finemque</strong></span> <span class='ocrx_word' id='word_1_15' title='bbox 669 329 812 394; x_wconf 78' lang='lat' dir='ltr'>imponere</span> <span class='ocrx_word' id='word_1_16' title='bbox 823 329 910 392; x_wconf 65' lang='lat' dir='ltr'><strong>carim</strong></span> 
     </span>
     <span class='ocr_line' id='line_1_4' title="bbox 132 395 910 466; baseline -0.01 -9"><span class='ocrx_word' id='word_1_17' title='bbox 132 402 181 457; x_wconf 78' lang='lat' dir='ltr'><strong>oto</strong></span> <span class='ocrx_word' id='word_1_18' title='bbox 189 399 326 454; x_wconf 85' lang='lat' dir='ltr'><strong>Dardanii</strong></span> <span class='ocrx_word' id='word_1_19' title='bbox 345 416 380 452; x_wconf 89' lang='lat' dir='ltr'><strong>ue</strong></span> <span class='ocrx_word' id='word_1_20' title='bbox 391 414 489 466; x_wconf 84' lang='lat' dir='ltr'><strong>rogum</strong></span> <span class='ocrx_word' id='word_1_21' title='bbox 500 400 598 465; x_wconf 87' lang='lat' dir='ltr'><strong>capitis</strong></span> <span class='ocrx_word' id='word_1_22' title='bbox 607 397 768 461; x_wconf 73' lang='lat' dir='ltr'>permittere</span> <span class='ocrx_word' id='word_1_23' title='bbox 776 395 910 449; x_wconf 79' lang='lat' dir='ltr'><strong>flammae</strong></span> 
     </span>
    </p>

    <p class='ocr_par' dir='ltr' id='par_1_4' title="bbox 190 418 837 532">
     <span class='ocr_line' id='line_1_5' title="bbox 190 418 837 532; baseline -0.011 -10"><span class='ocrx_word' id='word_1_24' title='bbox 190 469 237 522; x_wconf 84' lang='lat' dir='ltr'><strong>Sic</strong></span> <span class='ocrx_word' id='word_1_25' title='bbox 247 472 294 523; x_wconf 86' lang='lat' dir='ltr'><strong>ait.</strong></span> <span class='ocrx_word' id='word_1_26' title='bbox 313 418 367 522; x_wconf 59' lang='lat' dir='ltr'><strong>lfla</strong></span> <span class='ocrx_word' id='word_1_27' title='bbox 376 467 494 532; x_wconf 77' lang='lat' dir='ltr'><strong>gradum</strong></span> <span class='ocrx_word' id='word_1_28' title='bbox 504 467 595 516; x_wconf 89' lang='lat' dir='ltr'><strong>studio</strong></span> <span class='ocrx_word' id='word_1_29' title='bbox 607 464 748 516; x_wconf 81' lang='lat' dir='ltr'><strong>celerabat</strong></span> <span class='ocrx_word' id='word_1_30' title='bbox 758 464 837 516; x_wconf 85' lang='lat' dir='ltr'><strong>anili.</strong></span> 
     </span>
    </p>

    <p class='ocr_par' dir='ltr' id='par_1_5' title="bbox 188 532 917 605">
     <span class='ocr_line' id='line_1_6' title="bbox 188 532 917 605; baseline -0.007 -14"><span class='ocrx_word' id='word_1_31' title='bbox 188 542 226 591; x_wconf 75' lang='lat' dir='ltr'><strong>At</strong></span> <span class='ocrx_word' id='word_1_32' title='bbox 235 538 344 605; x_wconf 87' lang='lat' dir='ltr'><strong>trepida</strong></span> <span class='ocrx_word' id='word_1_33' title='bbox 353 542 382 588; x_wconf 92' lang='lat' dir='ltr'><strong>et</strong></span> <span class='ocrx_word' id='word_1_34' title='bbox 393 535 497 600; x_wconf 83' lang='lat' dir='ltr'><strong>coeptis</strong></span> <span class='ocrx_word' id='word_1_35' title='bbox 506 533 670 584; x_wconf 84' lang='lat' dir='ltr'><strong>immanibus</strong></span> <span class='ocrx_word' id='word_1_36' title='bbox 680 532 767 585; x_wconf 81' lang='lat' dir='ltr'><strong>effera</strong></span> <span class='ocrx_word' id='word_1_37' title='bbox 776 532 864 598; x_wconf 86' lang='lat' dir='ltr'><strong>Dido,</strong></span> <span class='ocrx_word' id='word_1_38' title='bbox 908 594 917 605; x_wconf 35' lang='grc' dir='ltr'><strong>ο</strong></span> 
     </span>
    </p>

    <p class='ocr_par' dir='ltr' id='par_1_6' title="bbox 189 602 936 672">
     <span class='ocr_line' id='line_1_7' title="bbox 189 602 936 672; baseline -0.003 -14"><span class='ocrx_word' id='word_1_39' title='bbox 189 602 375 672; x_wconf 79' lang='lat' dir='ltr'>Sanguineam</span> <span class='ocrx_word' id='word_1_40' title='bbox 384 603 496 654; x_wconf 83' lang='lat' dir='ltr'><strong>volvens</strong></span> <span class='ocrx_word' id='word_1_41' title='bbox 507 605 600 664; x_wconf 85' lang='lat' dir='ltr'><strong>aciem,</strong></span> <span class='ocrx_word' id='word_1_42' title='bbox 610 602 783 671; x_wconf 78' lang='lat' dir='ltr'><strong>maculisque</strong></span> <span class='ocrx_word' id='word_1_43' title='bbox 792 607 936 656; x_wconf 74' lang='lat' dir='ltr'><strong>trementes</strong></span> 
     </span>
    </p>

    <p class='ocr_par' dir='ltr' id='par_1_7' title="bbox 106 671 802 738">
     <span class='ocr_line' id='line_1_8' title="bbox 106 671 802 738; baseline -0.003 -13"><span class='ocrx_word' id='word_1_44' title='bbox 106 730 110 737; x_wconf 58' lang='grc'><strong>,</strong></span> <span class='ocrx_word' id='word_1_45' title='bbox 187 671 329 725; x_wconf 85' lang='lat' dir='ltr'><strong>Interfusa</strong></span> <span class='ocrx_word' id='word_1_46' title='bbox 359 676 476 733; x_wconf 88' lang='lat' dir='ltr'><strong>enas,et</strong></span> <span class='ocrx_word' id='word_1_47' title='bbox 484 671 586 738; x_wconf 83' lang='lat' dir='ltr'><strong>pallida</strong></span> <span class='ocrx_word' id='word_1_48' title='bbox 595 677 685 723; x_wconf 84' lang='lat' dir='ltr'><strong>morte</strong></span> <span class='ocrx_word' id='word_1_49' title='bbox 695 671 802 735; x_wconf 82' lang='lat' dir='ltr'><strong>future,</strong></span> 
     </span>
    </p>

    <p class='ocr_par' dir='ltr' id='par_1_8' title="bbox 132 687 907 1082">
     <span class='ocr_line' id='line_1_9' title="bbox 132 687 817 806; baseline -0.004 -11"><span class='ocrx_word' id='word_1_50' title='bbox 132 742 181 801; x_wconf 85' lang='grc'><strong>645</strong></span> <span class='ocrx_word' id='word_1_51' title='bbox 189 742 327 794; x_wconf 83' lang='lat' dir='ltr'><strong>interiora</strong></span> <span class='ocrx_word' id='word_1_52' title='bbox 337 687 435 790; x_wconf 51' lang='lat' dir='ltr'><strong>domus</strong></span> <span class='ocrx_word' id='word_1_53' title='bbox 444 740 572 806; x_wconf 87' lang='lat' dir='ltr'><strong>irrumpit</strong></span> <span class='ocrx_word' id='word_1_54' title='bbox 582 740 691 803; x_wconf 89' lang='lat' dir='ltr'><strong>limina,</strong></span> <span class='ocrx_word' id='word_1_55' title='bbox 701 745 730 792; x_wconf 93' lang='lat' dir='ltr'><strong>et</strong></span> <span class='ocrx_word' id='word_1_56' title='bbox 739 740 817 792; x_wconf 83' lang='lat' dir='ltr'><strong>altos</strong></span> 
     </span>
     <span class='ocr_line' id='line_1_10' title="bbox 190 807 907 877; baseline -0.001 -17"><span class='ocrx_word' id='word_1_57' title='bbox 190 808 357 861; x_wconf 79' lang='lat' dir='ltr'>Conscendit</span> <span class='ocrx_word' id='word_1_58' title='bbox 366 807 515 860; x_wconf 83' lang='lat' dir='ltr'><strong>furibunda</strong></span> <span class='ocrx_word' id='word_1_59' title='bbox 525 822 619 874; x_wconf 81' lang='lat' dir='ltr'><strong>rogos,</strong></span> <span class='ocrx_word' id='word_1_60' title='bbox 630 824 780 877; x_wconf 79' lang='lat' dir='ltr'>ensemque</span> <span class='ocrx_word' id='word_1_61' title='bbox 790 808 907 861; x_wconf 77' lang='lat' dir='ltr'>recludit</span> 
     </span>
     <span class='ocr_line' id='line_1_11' title="bbox 188 877 899 945; baseline 0.001 -17"><span class='ocrx_word' id='word_1_62' title='bbox 188 877 374 940; x_wconf 88' lang='lat' dir='ltr'><strong>Dardanium,</strong></span> <span class='ocrx_word' id='word_1_63' title='bbox 385 893 441 929; x_wconf 93' lang='lat' dir='ltr'><strong>non</strong></span> <span class='ocrx_word' id='word_1_64' title='bbox 451 877 502 930; x_wconf 86' lang='lat' dir='ltr'><strong>bos</strong></span> <span class='ocrx_word' id='word_1_65' title='bbox 513 878 666 945; x_wconf 81' lang='lat' dir='ltr'><strong>quaesitum</strong></span> <span class='ocrx_word' id='word_1_66' title='bbox 674 893 777 928; x_wconf 90' lang='lat' dir='ltr'><strong>munus</strong></span> <span class='ocrx_word' id='word_1_67' title='bbox 785 880 817 928; x_wconf 87' lang='lat' dir='ltr'><strong>in</strong></span> <span class='ocrx_word' id='word_1_68' title='bbox 828 892 899 929; x_wconf 86' lang='lat' dir='ltr'><strong>usus.</strong></span> 
     </span>
     <span class='ocr_line' id='line_1_12' title="bbox 187 946 885 1014; baseline 0 -16"><span class='ocrx_word' id='word_1_69' title='bbox 187 947 256 1010; x_wconf 88' lang='lat' dir='ltr'><strong>Hic,</strong></span> <span class='ocrx_word' id='word_1_70' title='bbox 266 952 413 1014; x_wconf 81' lang='lat' dir='ltr'><strong>postquam</strong></span> <span class='ocrx_word' id='word_1_71' title='bbox 423 947 520 998; x_wconf 83' lang='lat' dir='ltr'><strong>Iliacas</strong></span> <span class='ocrx_word' id='word_1_72' title='bbox 530 950 618 995; x_wconf 86' lang='lat' dir='ltr'><strong>vestes</strong></span> <span class='ocrx_word' id='word_1_73' title='bbox 628 953 782 1012; x_wconf 86' lang='lat' dir='ltr'><strong>notumque</strong></span> <span class='ocrx_word' id='word_1_74' title='bbox 792 946 885 998; x_wconf 82' lang='lat' dir='ltr'><strong>cubile</strong></span> 
     </span>
     <span class='ocr_line' id='line_1_13' title="bbox 190 1013 887 1082; baseline 0.001 -17"><span class='ocrx_word' id='word_1_75' title='bbox 190 1015 351 1081; x_wconf 77' lang='lat' dir='ltr'>Conspexit,</span> <span class='ocrx_word' id='word_1_76' title='bbox 363 1015 487 1082; x_wconf 82' lang='lat' dir='ltr'><strong>paullum</strong></span> <span class='ocrx_word' id='word_1_77' title='bbox 497 1013 616 1064; x_wconf 78' lang='lat' dir='ltr'><strong>lacrimis</strong></span> <span class='ocrx_word' id='word_1_78' title='bbox 627 1017 655 1063; x_wconf 92' lang='lat' dir='ltr'><strong>et</strong></span> <span class='ocrx_word' id='word_1_79' title='bbox 664 1019 758 1064; x_wconf 90' lang='lat' dir='ltr'><strong>mente</strong></span> <span class='ocrx_word' id='word_1_80' title='bbox 768 1020 887 1077; x_wconf 83' lang='lat' dir='ltr'><strong>morata,</strong></span> 
     </span>
    </p>

    <p class='ocr_par' dir='ltr' id='par_1_9' title="bbox 132 1081 925 1425">
     <span class='ocr_line' id='line_1_14' title="bbox 132 1081 857 1151; baseline -0.006 -13"><span class='ocrx_word' id='word_1_81' title='bbox 132 1081 181 1139; x_wconf 78' lang='lat'><strong>650</strong></span> <span class='ocrx_word' id='word_1_82' title='bbox 188 1084 372 1151; x_wconf 88' lang='lat' dir='ltr'><strong>lncubuitque</strong></span> <span class='ocrx_word' id='word_1_83' title='bbox 383 1090 460 1146; x_wconf 86' lang='lat' dir='ltr'><strong>toro,</strong></span> <span class='ocrx_word' id='word_1_84' title='bbox 470 1084 591 1149; x_wconf 86' lang='lat' dir='ltr'><strong>dixitque</strong></span> <span class='ocrx_word' id='word_1_85' title='bbox 601 1081 749 1133; x_wconf 76' lang='lat' dir='ltr'><strong>norissima</strong></span> <span class='ocrx_word' id='word_1_86' title='bbox 757 1083 857 1134; x_wconf 80' lang='lat' dir='ltr'><strong>verba:</strong></span> 
     </span>
     <span class='ocr_line' id='line_1_15' title="bbox 189 1150 859 1218; baseline -0.001 -16"><span class='ocrx_word' id='word_1_87' title='bbox 189 1150 294 1203; x_wconf 85' lang='lat' dir='ltr'><strong>Dulces</strong></span> <span class='ocrx_word' id='word_1_88' title='bbox 304 1154 431 1215; x_wconf 62' lang='lat' dir='ltr'><strong>exuuiae,</strong></span> <span class='ocrx_word' id='word_1_89' title='bbox 443 1153 505 1203; x_wconf 90' lang='lat' dir='ltr'><strong>dum</strong></span> <span class='ocrx_word' id='word_1_90' title='bbox 516 1150 574 1215; x_wconf 76' lang='lat' dir='ltr'><strong>tata</strong></span> <span class='ocrx_word' id='word_1_91' title='bbox 585 1151 708 1218; x_wconf 89' lang='lat' dir='ltr'><strong>deusque</strong></span> <span class='ocrx_word' id='word_1_92' title='bbox 716 1150 859 1214; x_wconf 84' lang='lat' dir='ltr'><strong>sinebant,</strong></span> 
     </span>
     <span class='ocr_line' id='line_1_16' title="bbox 190 1216 925 1289; baseline 0 -17"><span class='ocrx_word' id='word_1_93' title='bbox 190 1222 314 1289; x_wconf 76' lang='lat' dir='ltr'><strong>Accipite</strong></span> <span class='ocrx_word' id='word_1_94' title='bbox 324 1220 395 1273; x_wconf 90' lang='lat' dir='ltr'><strong>hanc</strong></span> <span class='ocrx_word' id='word_1_95' title='bbox 404 1223 534 1281; x_wconf 85' lang='lat' dir='ltr'><strong>animam,</strong></span> <span class='ocrx_word' id='word_1_96' title='bbox 545 1234 643 1286; x_wconf 90' lang='lat' dir='ltr'><strong>meque</strong></span> <span class='ocrx_word' id='word_1_97' title='bbox 654 1218 696 1269; x_wconf 86' lang='lat' dir='ltr'><strong>bis</strong></span> <span class='ocrx_word' id='word_1_98' title='bbox 707 1220 847 1272; x_wconf 82' lang='lat' dir='ltr'><strong>exsolvite</strong></span> <span class='ocrx_word' id='word_1_99' title='bbox 856 1216 925 1272; x_wconf 69' lang='lat' dir='ltr'><strong>mit·</strong></span> 
     </span>
     <span class='ocr_line' id='line_1_17' title="bbox 189 1286 907 1359; baseline 0.004 -21"><span class='ocrx_word' id='word_1_100' title='bbox 189 1287 267 1352; x_wconf 88' lang='lat' dir='ltr'><strong>Vixi,</strong></span> <span class='ocrx_word' id='word_1_101' title='bbox 277 1293 317 1351; x_wconf 90' lang='lat' dir='ltr'><strong>et,</strong></span> <span class='ocrx_word' id='word_1_102' title='bbox 328 1305 409 1356; x_wconf 90' lang='lat' dir='ltr'><strong>quem</strong></span> <span class='ocrx_word' id='word_1_103' title='bbox 421 1290 535 1341; x_wconf 85' lang='lat' dir='ltr'><strong>dederat</strong></span> <span class='ocrx_word' id='word_1_104' title='bbox 545 1302 657 1339; x_wconf 88' lang='lat' dir='ltr'><strong>cursum</strong></span> <span class='ocrx_word' id='word_1_105' title='bbox 666 1286 794 1350; x_wconf 84' lang='lat' dir='ltr'><strong>fortuna,</strong></span> <span class='ocrx_word' id='word_1_106' title='bbox 804 1289 907 1359; x_wconf 54' lang='lat' dir='ltr'><strong>perege</strong></span> 
     </span>
     <span class='ocr_line' id='line_1_18' title="bbox 190 1356 816 1425; baseline 0 -17"><span class='ocrx_word' id='word_1_107' title='bbox 190 1357 229 1408; x_wconf 86' lang='lat' dir='ltr'><strong>Et</strong></span> <span class='ocrx_word' id='word_1_108' title='bbox 238 1374 312 1409; x_wconf 88' lang='lat' dir='ltr'><strong>nunc</strong></span> <span class='ocrx_word' id='word_1_109' title='bbox 321 1372 422 1425; x_wconf 85' lang='lat' dir='ltr'><strong>magna</strong></span> <span class='ocrx_word' id='word_1_110' title='bbox 431 1359 483 1408; x_wconf 91' lang='lat' dir='ltr'><strong>mei</strong></span> <span class='ocrx_word' id='word_1_111' title='bbox 493 1357 544 1407; x_wconf 85' lang='lat' dir='ltr'><strong>sub</strong></span> <span class='ocrx_word' id='word_1_112' title='bbox 554 1363 645 1407; x_wconf 87' lang='lat' dir='ltr'><strong>terras</strong></span> <span class='ocrx_word' id='word_1_113' title='bbox 653 1356 704 1406; x_wconf 84' lang='lat' dir='ltr'><strong>ibit</strong></span> <span class='ocrx_word' id='word_1_114' title='bbox 713 1358 816 1423; x_wconf 85' lang='lat' dir='ltr'><strong>imago.</strong></span> 
     </span>
    </p>

    <p class='ocr_par' dir='ltr' id='par_1_10' title="bbox 131 1424 910 1768">
     <span class='ocr_line' id='line_1_19' title="bbox 131 1424 858 1494; baseline -0.004 -14"><span class='ocrx_word' id='word_1_115' title='bbox 131 1427 181 1485; x_wconf 85' lang='grc'><strong>656</strong></span> <span class='ocrx_word' id='word_1_116' title='bbox 190 1424 295 1478; x_wconf 87' lang='lat' dir='ltr'><strong>Vrbem</strong></span> <span class='ocrx_word' id='word_1_117' title='bbox 304 1428 473 1494; x_wconf 87' lang='lat' dir='ltr'><strong>praeclaram</strong></span> <span class='ocrx_word' id='word_1_118' title='bbox 482 1426 581 1488; x_wconf 82' lang='lat' dir='ltr'><strong>statui3</strong></span> <span class='ocrx_word' id='word_1_119' title='bbox 596 1439 657 1475; x_wconf 84' lang='lat' dir='ltr'><strong>mea</strong></span> <span class='ocrx_word' id='word_1_120' title='bbox 666 1426 858 1491; x_wconf 80' lang='lat' dir='ltr'><strong>moeniavidi,</strong></span> 
     </span>
     <span class='ocr_line' id='line_1_20' title="bbox 190 1492 849 1562; baseline -0.003 -16"><span class='ocrx_word' id='word_1_121' title='bbox 190 1493 259 1546; x_wconf 80' lang='lat' dir='ltr'><strong>vlta</strong></span> <span class='ocrx_word' id='word_1_122' title='bbox 268 1497 371 1559; x_wconf 82' lang='lat' dir='ltr'><strong>virum,</strong></span> <span class='ocrx_word' id='word_1_123' title='bbox 381 1510 482 1562; x_wconf 86' lang='lat' dir='ltr'><strong>poenas</strong></span> <span class='ocrx_word' id='word_1_124' title='bbox 492 1495 603 1545; x_wconf 86' lang='lat' dir='ltr'><strong>inimico</strong></span> <span class='ocrx_word' id='word_1_125' title='bbox 614 1507 632 1542; x_wconf 87' lang='lat' dir='ltr'><strong>a</strong></span> <span class='ocrx_word' id='word_1_126' title='bbox 641 1492 728 1545; x_wconf 83' lang='lat' dir='ltr'><strong>fratre</strong></span> <span class='ocrx_word' id='word_1_127' title='bbox 739 1497 849 1560; x_wconf 79' lang='lat' dir='ltr'><strong>recepi3</strong></span> 
     </span>
     <span class='ocr_line' id='line_1_21' title="bbox 188 1561 810 1627; baseline 0 -14"><span class='ocrx_word' id='word_1_128' title='bbox 188 1561 282 1627; x_wconf 83' lang='lat' dir='ltr'><strong>Felix,</strong></span> <span class='ocrx_word' id='word_1_129' title='bbox 292 1563 347 1617; x_wconf 91' lang='lat' dir='ltr'><strong>beu</strong></span> <span class='ocrx_word' id='word_1_130' title='bbox 357 1567 469 1614; x_wconf 82' lang='lat' dir='ltr'><strong>nimium</strong></span> <span class='ocrx_word' id='word_1_131' title='bbox 480 1561 560 1624; x_wconf 82' lang='lat' dir='ltr'><strong>felix,</strong></span> <span class='ocrx_word' id='word_1_132' title='bbox 572 1564 595 1612; x_wconf 89' lang='lat' dir='ltr'><strong>si</strong></span> <span class='ocrx_word' id='word_1_133' title='bbox 605 1562 689 1613; x_wconf 87' lang='lat' dir='ltr'><strong>litora</strong></span> <span class='ocrx_word' id='word_1_134' title='bbox 698 1567 810 1613; x_wconf 87' lang='lat' dir='ltr'><strong>tantum</strong></span> 
     </span>
     <span class='ocr_line' id='line_1_22' title="bbox 188 1630 910 1700; baseline 0 -18"><span class='ocrx_word' id='word_1_135' title='bbox 188 1630 338 1700; x_wconf 87' lang='lat' dir='ltr'><strong>Nunquam</strong></span> <span class='ocrx_word' id='word_1_136' title='bbox 348 1633 505 1685; x_wconf 83' lang='lat' dir='ltr'><strong>Dardaniae</strong></span> <span class='ocrx_word' id='word_1_137' title='bbox 514 1633 671 1698; x_wconf 73' lang='lat' dir='ltr'><strong>tetigissent</strong></span> <span class='ocrx_word' id='word_1_138' title='bbox 680 1637 777 1682; x_wconf 90' lang='lat' dir='ltr'><strong>nostra</strong></span> <span class='ocrx_word' id='word_1_139' title='bbox 787 1634 910 1693; x_wconf 75' lang='lat' dir='ltr'><strong>carinae!</strong></span> 
     </span>
     <span class='ocr_line' id='line_1_23' title="bbox 189 1700 906 1768; baseline 0 -18"><span class='ocrx_word' id='word_1_140' title='bbox 189 1700 281 1750; x_wconf 84' lang='lat' dir='ltr'><strong>Dixit:</strong></span> <span class='ocrx_word' id='word_1_141' title='bbox 298 1707 338 1763; x_wconf 88' lang='lat' dir='ltr'><strong>et,</strong></span> <span class='ocrx_word' id='word_1_142' title='bbox 350 1716 381 1752; x_wconf 93' lang='lat' dir='ltr'><strong>os</strong></span> <span class='ocrx_word' id='word_1_143' title='bbox 391 1704 523 1768; x_wconf 87' lang='lat' dir='ltr'><strong>impressa</strong></span> <span class='ocrx_word' id='word_1_144' title='bbox 534 1707 610 1762; x_wconf 88' lang='lat' dir='ltr'><strong>toro,</strong></span> <span class='ocrx_word' id='word_1_145' title='bbox 622 1701 777 1751; x_wconf 88' lang='lat' dir='ltr'><strong>Moriemur</strong></span> <span class='ocrx_word' id='word_1_146' title='bbox 786 1701 906 1753; x_wconf 86' lang='lat' dir='ltr'><strong>inultael</strong></span> 
     </span>
    </p>

    <p class='ocr_par' dir='ltr' id='par_1_11' title="bbox 131 1766 924 1902">
     <span class='ocr_line' id='line_1_24' title="bbox 131 1766 924 1831; baseline 0.004 -13"><span class='ocrx_word' id='word_1_147' title='bbox 131 1767 181 1822; x_wconf 80' lang='lat' dir='ltr'><strong>ooo</strong></span> <span class='ocrx_word' id='word_1_148' title='bbox 191 1766 247 1818; x_wconf 89' lang='lat' dir='ltr'><strong>Sed</strong></span> <span class='ocrx_word' id='word_1_149' title='bbox 257 1769 417 1831; x_wconf 82' lang='lat' dir='ltr'><strong>moriamur,</strong></span> <span class='ocrx_word' id='word_1_150' title='bbox 428 1773 476 1819; x_wconf 84' lang='lat' dir='ltr'><strong>ait.</strong></span> <span class='ocrx_word' id='word_1_151' title='bbox 496 1768 550 1827; x_wconf 88' lang='lat' dir='ltr'><strong>Sic,</strong></span> <span class='ocrx_word' id='word_1_152' title='bbox 560 1769 600 1820; x_wconf 89' lang='lat' dir='ltr'><strong>sic</strong></span> <span class='ocrx_word' id='word_1_153' title='bbox 609 1770 685 1820; x_wconf 87' lang='lat' dir='ltr'><strong>iuvat</strong></span> <span class='ocrx_word' id='word_1_154' title='bbox 693 1771 734 1820; x_wconf 86' lang='lat' dir='ltr'><strong>ire</strong></span> <span class='ocrx_word' id='word_1_155' title='bbox 744 1770 796 1820; x_wconf 90' lang='lat' dir='ltr'><strong>sub</strong></span> <span class='ocrx_word' id='word_1_156' title='bbox 807 1771 924 1823; x_wconf 84' lang='lat' dir='ltr'><strong>umbras.</strong></span> 
     </span>
     <span class='ocr_line' id='line_1_25' title="bbox 189 1833 839 1902; baseline -0.003 -15"><span class='ocrx_word' id='word_1_157' title='bbox 189 1835 313 1887; x_wconf 84' lang='lat' dir='ltr'><strong>Hauriat</strong></span> <span class='ocrx_word' id='word_1_158' title='bbox 319 1834 395 1886; x_wconf 86' lang='lat' dir='ltr'><strong>hunc</strong></span> <span class='ocrx_word' id='word_1_159' title='bbox 403 1833 490 1886; x_wconf 87' lang='lat' dir='ltr'><strong>oculis</strong></span> <span class='ocrx_word' id='word_1_160' title='bbox 500 1837 591 1902; x_wconf 86' lang='lat' dir='ltr'><strong>ignem</strong></span> <span class='ocrx_word' id='word_1_161' title='bbox 602 1838 720 1890; x_wconf 85' lang='lat' dir='ltr'><strong>crudelis</strong></span> <span class='ocrx_word' id='word_1_162' title='bbox 730 1838 764 1889; x_wconf 83' lang='lat' dir='ltr'><strong>ab</strong></span> <span class='ocrx_word' id='word_1_163' title='bbox 776 1839 839 1889; x_wconf 82' lang='lat' dir='ltr'><strong>alto</strong></span> 
     </span>
    </p>

    <p class='ocr_par' dir='ltr' id='par_1_12' title="bbox 87 1902 918 2109">
     <span class='ocr_line' id='line_1_26' title="bbox 87 1902 912 1966; baseline 0.004 -9"><span class='ocrx_word' id='word_1_164' title='bbox 87 1950 90 1957; x_wconf 91' lang='lat'>.</span> <span class='ocrx_word' id='word_1_165' title='bbox 189 1902 352 1966; x_wconf 84' lang='lat' dir='ltr'><strong>Dardanus,</strong></span> <span class='ocrx_word' id='word_1_166' title='bbox 364 1911 392 1955; x_wconf 81' lang='lat' dir='ltr'><strong>et</strong></span> <span class='ocrx_word' id='word_1_167' title='bbox 400 1909 512 1954; x_wconf 85' lang='lat' dir='ltr'><strong>nostrae</strong></span> <span class='ocrx_word' id='word_1_168' title='bbox 521 1918 617 1954; x_wconf 86' lang='lat' dir='ltr'><strong>secum</strong></span> <span class='ocrx_word' id='word_1_169' title='bbox 627 1902 700 1954; x_wconf 81' lang='lat' dir='ltr'><strong>ferat</strong></span> <span class='ocrx_word' id='word_1_170' title='bbox 710 1908 802 1956; x_wconf 84' lang='lat' dir='ltr'><strong>omina</strong></span> <span class='ocrx_word' id='word_1_171' title='bbox 813 1909 912 1960; x_wconf 81' lang='lat' dir='ltr'><strong>mortis·</strong></span> 
     </span>
     <span class='ocr_line' id='line_1_27' title="bbox 189 1969 857 2039; baseline 0.01 -19"><span class='ocrx_word' id='word_1_172' title='bbox 189 1969 309 2022; x_wconf 87' lang='lat' dir='ltr'><strong>Dixerat</strong></span> <span class='ocrx_word' id='word_1_173' title='bbox 313 1988 321 2034; x_wconf 90' lang='lat'>;</span> <span class='ocrx_word' id='word_1_174' title='bbox 336 1976 416 2039; x_wconf 84' lang='lat' dir='ltr'><strong>atque</strong></span> <span class='ocrx_word' id='word_1_175' title='bbox 426 1970 505 2021; x_wconf 88' lang='lat' dir='ltr'><strong>illam</strong></span> <span class='ocrx_word' id='word_1_176' title='bbox 514 1971 605 2022; x_wconf 86' lang='lat' dir='ltr'><strong>media</strong></span> <span class='ocrx_word' id='word_1_177' title='bbox 615 1973 689 2024; x_wconf 85' lang='lat' dir='ltr'><strong>inter</strong></span> <span class='ocrx_word' id='word_1_178' title='bbox 698 1972 768 2023; x_wconf 87' lang='lat' dir='ltr'><strong>talia</strong></span> <span class='ocrx_word' id='word_1_179' title='bbox 777 1972 857 2027; x_wconf 82' lang='lat' dir='ltr'><strong>ferro</strong></span> 
     </span>
     <span class='ocr_line' id='line_1_28' title="bbox 190 2038 918 2109; baseline 0.011 -22"><span class='ocrx_word' id='word_1_180' title='bbox 190 2038 348 2104; x_wconf 80' lang='lat' dir='ltr'><strong>collapsam</strong></span> <span class='ocrx_word' id='word_1_181' title='bbox 358 2039 512 2109; x_wconf 80' lang='lat' dir='ltr'><strong>adspiciunt</strong></span> <span class='ocrx_word' id='word_1_182' title='bbox 524 2042 649 2103; x_wconf 89' lang='lat' dir='ltr'><strong>comites,</strong></span> <span class='ocrx_word' id='word_1_183' title='bbox 660 2056 808 2108; x_wconf 89' lang='lat' dir='ltr'><strong>ensemque</strong></span> <span class='ocrx_word' id='word_1_184' title='bbox 820 2057 918 2096; x_wconf 83' lang='lat' dir='ltr'><strong>cruore</strong></span> 
     </span>
    </p>

    <p class='ocr_par' dir='ltr' id='par_1_13' title="bbox 131 2105 933 2445">
     <span class='ocr_line' id='line_1_29' title="bbox 131 2105 933 2174; baseline 0 -12"><span class='ocrx_word' id='word_1_185' title='bbox 131 2110 181 2162; x_wconf 90' lang='grc'><strong>665</strong></span> <span class='ocrx_word' id='word_1_186' title='bbox 191 2105 380 2171; x_wconf 87' lang='lat' dir='ltr'><strong>Spumantem,</strong></span> <span class='ocrx_word' id='word_1_187' title='bbox 391 2120 555 2174; x_wconf 87' lang='lat' dir='ltr'><strong>sparsasque</strong></span> <span class='ocrx_word' id='word_1_188' title='bbox 564 2124 671 2160; x_wconf 87' lang='lat' dir='ltr'><strong>manus.</strong></span> <span class='ocrx_word' id='word_1_189' title='bbox 690 2112 717 2161; x_wconf 95' lang='lat' dir='ltr'><strong>lt</strong></span> <span class='ocrx_word' id='word_1_190' title='bbox 726 2111 835 2163; x_wconf 84' lang='lat' dir='ltr'><strong>clamor</strong></span> <span class='ocrx_word' id='word_1_191' title='bbox 845 2114 880 2163; x_wconf 91' lang='lat' dir='ltr'><strong>ad</strong></span> <span class='ocrx_word' id='word_1_192' title='bbox 889 2111 914 2163; x_wconf 82' lang='lat' dir='ltr'><strong>al</strong></span> <span class='ocrx_word' id='word_1_193' title='bbox 922 2133 933 2149; x_wconf 63' lang='lat' dir='ltr'><strong>r</strong></span> 
     </span>
     <span class='ocr_line' id='line_1_30' title="bbox 189 2175 877 2245; baseline 0.01 -19"><span class='ocrx_word' id='word_1_194' title='bbox 189 2175 281 2234; x_wconf 64' lang='lat' dir='ltr'><strong>Atriam</strong></span> <span class='ocrx_word' id='word_1_195' title='bbox 296 2190 454 2226; x_wconf 86' lang='lat' dir='ltr'><strong>concussam</strong></span> <span class='ocrx_word' id='word_1_196' title='bbox 464 2175 616 2228; x_wconf 86' lang='lat' dir='ltr'><strong>bacchatur</strong></span> <span class='ocrx_word' id='word_1_197' title='bbox 626 2178 700 2230; x_wconf 85' lang='lat' dir='ltr'><strong>fama</strong></span> <span class='ocrx_word' id='word_1_198' title='bbox 709 2194 759 2245; x_wconf 89' lang='lat' dir='ltr'><strong>per</strong></span> <span class='ocrx_word' id='word_1_199' title='bbox 770 2181 877 2233; x_wconf 89' lang='lat' dir='ltr'><strong>urbem.</strong></span> 
     </span>
     <span class='ocr_line' id='line_1_31' title="bbox 188 2241 820 2312; baseline 0.011 -20"><span class='ocrx_word' id='word_1_200' title='bbox 188 2241 345 2304; x_wconf 86' lang='lat' dir='ltr'><strong>Lamentis,</strong></span> <span class='ocrx_word' id='word_1_201' title='bbox 353 2246 526 2312; x_wconf 83' lang='lat' dir='ltr'><strong>gemituque,</strong></span> <span class='ocrx_word' id='word_1_202' title='bbox 538 2252 566 2297; x_wconf 89' lang='lat' dir='ltr'><strong>et</strong></span> <span class='ocrx_word' id='word_1_203' title='bbox 577 2245 696 2298; x_wconf 84' lang='lat' dir='ltr'><strong>femineo</strong></span> <span class='ocrx_word' id='word_1_204' title='bbox 708 2248 820 2299; x_wconf 89' lang='lat' dir='ltr'><strong>ululatu</strong></span> 
     </span>
     <span class='ocr_line' id='line_1_32' title="bbox 189 2308 931 2384; baseline 0.015 -22"><span class='ocrx_word' id='word_1_205' title='bbox 189 2308 931 2384; x_wconf 81' lang='lat' dir='ltr'><strong>Tectafremunt;resonatmagnisplangoribusaether</strong></span> 
     </span>
     <span class='ocr_line' id='line_1_33' title="bbox 189 2377 919 2445; baseline 0.008 -14"><span class='ocrx_word' id='word_1_206' title='bbox 189 2378 254 2431; x_wconf 87' lang='lat' dir='ltr'><strong>Non</strong></span> <span class='ocrx_word' id='word_1_207' title='bbox 264 2377 345 2429; x_wconf 81' lang='lat' dir='ltr'><strong>aliter</strong></span> <span class='ocrx_word' id='word_1_208' title='bbox 355 2393 435 2445; x_wconf 87' lang='lat' dir='ltr'><strong>quam</strong></span> <span class='ocrx_word' id='word_1_209' title='bbox 445 2380 468 2428; x_wconf 88' lang='lat' dir='ltr'><strong>si</strong></span> <span class='ocrx_word' id='word_1_210' title='bbox 478 2380 605 2431; x_wconf 86' lang='lat' dir='ltr'><strong>immissis</strong></span> <span class='ocrx_word' id='word_1_211' title='bbox 615 2391 679 2435; x_wconf 83' lang='lat' dir='ltr'><strong>nnat</strong></span> <span class='ocrx_word' id='word_1_212' title='bbox 687 2384 817 2437; x_wconf 88' lang='lat' dir='ltr'><strong>hostibus</strong></span> <span class='ocrx_word' id='word_1_213' title='bbox 827 2389 919 2439; x_wconf 85' lang='lat' dir='ltr'><strong>omnis</strong></span> 
     </span>
    </p>

    <p class='ocr_par' dir='ltr' id='par_1_14' title="bbox 132 2444 927 2591">
     <span class='ocr_line' id='line_1_34' title="bbox 132 2444 927 2520; baseline 0.01 -20"><span class='ocrx_word' id='word_1_214' title='bbox 132 2447 182 2518; x_wconf 77' lang='lat'><strong>670</strong></span> <span class='ocrx_word' id='word_1_215' title='bbox 192 2444 622 2514; x_wconf 73' lang='lat' dir='ltr'><strong>CartbagaautantiquaTyros3</strong></span> <span class='ocrx_word' id='word_1_216' title='bbox 632 2449 815 2520; x_wconf 84' lang='lat' dir='ltr'><strong>flammaeque</strong></span> <span class='ocrx_word' id='word_1_217' title='bbox 822 2457 927 2508; x_wconf 83' lang='lat' dir='ltr'><strong>furent</strong></span> 
     </span>
     <span class='ocr_line' id='line_1_35' title="bbox 193 2514 857 2591; baseline 0.011 -23"><span class='ocrx_word' id='word_1_218' title='bbox 193 2516 320 2569; x_wconf 74' lang='lat' dir='ltr'><strong>eulmina</strong></span> <span class='ocrx_word' id='word_1_219' title='bbox 326 2530 429 2582; x_wconf 88' lang='lat' dir='ltr'><strong>perque</strong></span> <span class='ocrx_word' id='word_1_220' title='bbox 440 2514 580 2568; x_wconf 90' lang='lat' dir='ltr'><strong>hominum</strong></span> <span class='ocrx_word' id='word_1_221' title='bbox 592 2519 739 2571; x_wconf 79' lang='lat' dir='ltr'><strong>volvantur</strong></span> <span class='ocrx_word' id='word_1_222' title='bbox 749 2537 857 2591; x_wconf 84' lang='lat' dir='ltr'><strong>perque</strong></span> 
     </span>
    </p>

    <p class='ocr_par' dir='ltr' id='par_1_15' title="bbox 602 2588 724 2640">
     <span class='ocr_line' id='line_1_36' title="bbox 602 2588 724 2640; baseline 0.008 -3"><span class='ocrx_word' id='word_1_223' title='bbox 602 2588 724 2640; x_wconf 84' lang='lat' dir='ltr'><strong>deorum.</strong></span> 
     </span>
    </p>
   </div>
   <div class='ocr_carea' id='block_1_3' title="bbox 53 2655 863 2727">
    <p class='ocr_par' dir='ltr' id='par_1_16' title="bbox 53 2655 863 2727">
     <span class='ocr_line' id='line_1_37' title="bbox 53 2655 863 2727; baseline 0.007 -21"><span class='ocrx_word' id='word_1_224' title='bbox 53 2674 65 2685; x_wconf 93' lang='lat'><strong>·</strong></span> <span class='ocrx_word' id='word_1_225' title='bbox 156 2702 161 2707; x_wconf 92' lang='lat'><em>.</em></span> <span class='ocrx_word' id='word_1_226' title='bbox 191 2655 286 2710; x_wconf 78' lang='lat' dir='ltr'><strong>Audiit</strong></span> <span class='ocrx_word' id='word_1_227' title='bbox 296 2655 439 2718; x_wconf 84' lang='lat' dir='ltr'><strong>exanimis,</strong></span> <span class='ocrx_word' id='word_1_228' title='bbox 450 2655 614 2723; x_wconf 89' lang='lat' dir='ltr'><strong>trepidoque</strong></span> <span class='ocrx_word' id='word_1_229' title='bbox 624 2660 758 2710; x_wconf 84' lang='lat' dir='ltr'><strong>exterrita</strong></span> <span class='ocrx_word' id='word_1_230' title='bbox 769 2674 863 2727; x_wconf 85' lang='lat' dir='ltr'><strong>cursu,</strong></span> 
     </span>
    </p>
   </div>
   <div class='ocr_carea' id='block_1_4' title="bbox 0 0 946 3052">
    <p class='ocr_par' dir='ltr' id='par_1_17' title="bbox 0 0 946 3052">
     <span class='ocr_line' id='line_1_38' title="bbox 0 0 946 3052; baseline 0 0"><span class='ocrx_word' id='word_1_231' title='bbox 0 0 946 3052; x_wconf 95' lang='lat' dir='ltr'><strong> </strong></span> 
     </span>
    </p>
   </div>
  </div>
 </body>
</html>
