1882 3052
240 206 488 262 csoaarcon
512 166 590 260 nia.
610 210 649 262 11.
791 216 828 268 ao

47 311 123 374 Quid
134 312 257 362 maiora
266 309 387 377 sequani
396 312 496 365 salices
504 310 680 379 humilesque
685 320 828 382 genestae,

48 383 101 433 hut
111 382 188 432 illae
200 381 299 446 pecori
310 379 452 443 frondem,
464 386 513 432 aut
522 383 681 448 pastoribus
692 383 805 437 umbras
835 384 886 437 435

50 449 220 511 Sufficiunt,
231 464 384 516 sepemque
394 451 476 512 satis,
487 455 515 502 et
523 449 628 517 pabula
638 450 725 501 melli.

50 520 84 570 Et
92 522 177 570 iuvat
189 518 347 569 undantem
358 520 431 570 buxo
442 525 568 586 spectare
578 519 723 584 Cytorum,

51 587 257 655 Naryciaeque
267 590 337 652 picis
349 587 441 652 lucos3
456 591 532 639 iuvat
542 603 609 641 arra
618 590 714 640 videre

54 656 110 708 h'on
121 659 245 718 rastris,
257 656 399 708 hominum
412 672 468 708 non
478 659 530 709 ulli
541 660 662 710 obnoxia
672 672 765 709 curae.

55 726 131 791 ipsae
144 727 290 777 Caucasio
302 726 415 777 steriles
425 730 453 778 in
464 729 567 779 vertice
577 727 674 788 silvae,
832 729 884 782 440

57 796 128 855 Quas
141 797 268 845 animosi
274 796 343 845 Euri
354 796 465 849 assidue
471 797 659 863 franguntque
665 794 824 863 feruntque,

56 864 129 915 liant
141 864 217 914 alios
229 864 302 914 aliae
313 863 402 926 fctus3
419 866 487 914 dant
497 866 567 915 utile
579 866 686 932 lignum

56 933 180 1000 Navigiis
190 935 282 999 pinos,
288 932 822 1011 domibuscedrumqueoupressumque.

56 1005 126 1054 ilinc
135 1002 238 1053 radios
249 1002 353 1052 trivere
364 1002 447 1062 rotis,
459 1001 523 1053 hinc
532 1007 667 1068 tympana
677 1001 811 1067 plaustris

57 1071 218 1139 Agricolae,
230 1075 259 1121 et
269 1070 376 1136 pandas
386 1071 493 1120 ratibus
504 1085 624 1136 posuere
633 1071 752 1120 carinas.
833 1061 883 1115 445

10 1142 12 1205 ξ
56 1141 214 1190 liminibus
225 1139 326 1190 salices
337 1139 487 1202 fecundae,
497 1137 643 1191 frondibus
654 1137 738 1199 ulmi;

56 1212 88 1260 At
97 1213 212 1275 myrtus
224 1208 324 1258 validis
334 1207 494 1270 hastilibus,
505 1213 534 1259 et
544 1209 618 1259 bona
628 1206 704 1258 bello

57 1280 179 1339 Cornus3
194 1278 322 1328 Ituraeos
333 1280 393 1327 taxi
403 1282 570 1344 torquentur
580 1279 609 1327 in
621 1290 712 1327 arcus,

56 1348 110 1398 Nec
120 1347 206 1398 tiliae
217 1345 310 1398 laeves
322 1353 373 1396 aut
383 1352 466 1397 torno
478 1346 564 1397 rasile
572 1346 677 1396 buxum

56 1417 115 1468 h'on
127 1415 251 1468 formam
263 1418 418 1482 accipiunt,
430 1414 560 1482 ferroque
572 1418 707 1465 cavantur
717 1416 809 1465 acuto.
831 1410 883 1462 450

56 1486 180 1536 Necnon
191 1490 222 1535 et
233 1490 389 1536 torrentem
400 1484 503 1535 undam
514 1484 584 1535 levis
594 1485 705 1533 innatat
715 1482 806 1544 alnus,

56 1555 142 1606 hlissa
153 1553 248 1616 Pad03
264 1569 315 1605 nec
326 1570 382 1605 non
393 1559 421 1604 et
433 1568 499 1620 apes
510 1553 640 1603 exanrina
649 1550 773 1601 condunt

57 1623 271 1688 Corticibusque
281 1626 355 1674 cavis
366 1624 538 1689 vitiosaeque
547 1621 620 1670 ilicis
630 1618 717 1670 alveo.

57 1693 129 1754 Quid
140 1692 355 1743 memorandum
362 1707 450 1757 aequa
456 1689 595 1740 Baccheia
600 1687 822 1738 donatulerunti

59 1759 185 1811 Bacchus
196 1764 227 1811 et
237 1760 272 1809 ad
282 1761 392 1825 culpam
403 1773 515 1810 caussas
527 1758 618 1820 dedit3
635 1756 684 1807 ille
695 1756 820 1808 furentes
831 1750 881 1802 455

59 1830 215 1881 Centauros
225 1828 282 1879 leto
293 1829 415 1890 domuit,
425 1826 619 1892 Rhoetumque
630 1824 803 1893 Pholumque

58 1899 92 1950 Et
102 1912 206 1964 magno
218 1897 360 1963 Hylaeum
370 1896 497 1963 Lapithis
508 1899 617 1946 cratere
628 1895 789 1947 minantem.

91 1967 114 2017 0
125 1967 288 2018 fortunatos
299 1969 430 2028 nimium,
439 1982 491 2016 sua
501 1966 525 2014 si
537 1965 609 2014 bona
621 1965 725 2025 norint,

57 2035 216 2102 Agricolas!
233 2037 333 2102 quibus
344 2038 418 2101 ipsa,
432 2033 530 2101 procul
540 2031 715 2083 discordibus
726 2033 820 2092 araris,

57 2105 163 2156 Fundit
172 2103 257 2155 humo
269 2104 381 2156 facilem
392 2107 495 2155 victum
507 2102 660 2150 iustissima
669 2101 763 2151 tellus.
832 2105 882 2158 450

56 2173 85 2224 Si
95 2189 154 2224 non
164 2176 305 2239 ingentem
318 2173 425 2224 foribus
436 2171 535 2222 domus
545 2169 604 2219 alta
615 2172 741 2235 superbis

56 2244 142 2294 blane
153 2243 325 2292 salutantum
336 2243 403 2292 totis
413 2242 500 2291 veniit
511 2238 626 2290 aedibus
636 2238 754 2300 undam;

56 2311 113 2364 h'ec
123 2313 219 2362 varios
229 2311 338 2362 inhiant
348 2308 465 2377 pulchra
473 2308 616 2361 testudine
627 2313 730 2371 postes,

57 2382 215 2448 illusasque
226 2395 294 2431 auro
303 2385 409 2443 vestes,
419 2379 617 2446 Ephyreiaque
627 2389 707 2439 aera3

55 2451 125 2502 Alba
136 2465 229 2517 neque
239 2452 354 2516 Assyrio
366 2448 478 2500 fucatur
488 2449 554 2500 lana
565 2461 680 2507 veneno,
831 2446 881 2498 465

55 2520 113 2572 Nec
125 2523 203 2570 casia
213 2519 311 2585 liquidi
323 2519 510 2585 corrumpitur
522 2531 589 2568 usus
600 2519 680 2569 olivi:

55 2592 90 2639 lit
101 2603 202 2638 secura
213 2591 301 2651 quies,
314 2595 345 2636 et
352 2589 447 2638 nescia
458 2587 560 2644 fallere
571 2588 639 2658 vita,

46 2657 132 2699 mres
140 2667 222 2712 opum
234 2655 387 2717 rariarrrm5
401 2658 514 2716 stlatis
526 2663 591 2716 otia
602 2663 716 2733 fundis,

17 2715 197 2819 fflume'
211 2718 430 2794 riviquelacus5
443 2738 479 2785 at
490 2735 606 2808 frigida
618 2742 755 2813 Tenrpe,

51 2779 199 2841 ngrtmque
207 2781 307 2851 boum,
319 2793 497 2874 owllesque
507 2813 570 2870 sub
584 2816 703 2876 arbore
716 2820 827 2876 scrupi
875 2815 938 2881 W
