1882 3052
209 161 423 219 assumes
445 162 525 218 ΜΒ.
542 164 578 220 X.
719 161 770 217 32⁷

101 272 206 331 utens,
216 269 284 335 quin
299 274 329 320 et
339 283 449 336 pugnae
464 269 622 321 subducere
630 268 771 330 Turnum,
780 266 829 320 615

101 350 155 388 ino
175 351 288 403 possem
297 338 466 389 incolumem
476 353 590 390 servare
600 336 718 403 parenti.

101 413 208 472 pereat,
214 407 387 474 Teucrisque
398 409 445 474 pic
456 407 760 475 detsanguinepcenas.

101 491 167 528 nen
177 480 277 528 nestra
288 475 402 528 deducit
411 477 519 544 origine
529 490 641 538 nomen,

101 559 211 612 susque
221 543 265 595 illi
276 549 393 612 quastus
402 550 497 613 pater3
508 551 537 597 et
546 558 596 597 tua
606 545 686 612 larga

105 629 197 665 manu
207 613 360 680 nnultisquc
370 616 497 666 oneravit
507 616 604 666 limina
614 614 703 674 donis,
783 618 833 669 620

101 697 118 732 ι
130 681 253 734 aetherii
263 682 386 734 urentes
395 685 436 735 sic
445 683 522 736 fatur
533 685 659 750 Olympi:

102 766 130 801 ·a
141 753 300 817 praesentis
310 751 361 803 leti
370 757 535 821 tempusque
546 754 651 804 caduce

102 836 116 871 ι·
126 821 238 883 iuveni,
248 835 348 887 meque
359 819 413 872 hoc
423 823 464 872 ita
473 836 578 888 pcnene
588 822 687 873 sentis:

102 888 175 956 suga
185 891 322 951 'furnum
333 894 418 958 atque
428 889 596 941 instantibus
607 886 765 956 eripesatis.

101 973 156 1009 nus
166 959 320 1010 indulsisse
330 967 419 1010 vacat.
456 958 505 1010 Sin
515 960 600 1010 altior
610 959 672 1009 istis
787 957 836 1011 625

102 1028 211 1079 necibus
221 1029 303 1078 venia
312 1026 373 1078 ulla
383 1027 467 1092 latet,
477 1034 625 1095 totumque
636 1025 742 1077 mcvem'

102 1097 153 1148 ive
165 1101 247 1160 putas
256 1095 376 1149 bellum:
388 1111 452 1163 spes
462 1099 551 1163 pascis
562 1099 668 1147 inanes.

102 1178 126 1216 no
146 1163 339 1218 allacrimans:
349 1164 424 1225 Quid
434 1168 466 1228 si,
477 1166 552 1232 quod
561 1179 630 1216 voce
639 1161 775 1232 graveris,

102 1252 107 1284 i
118 1233 217 1296 dares3
227 1231 556 1300 etqueliaec'furncrata
565 1235 622 1283 sita
631 1228 778 1283 maneret'l

102 1306 201 1354 manet
209 1304 348 1352 insontem
359 1303 450 1368 gravis
460 1303 563 1353 exitus:
575 1307 624 1352 cut
642 1315 694 1368 ego
703 1298 762 1350 veri
789 1300 839 1352 630

102 1371 193 1424 feror.
229 1371 313 1433 Quod
323 1377 354 1421 ut
365 1386 381 1420 c
393 1373 486 1436 potius
496 1370 645 1422 formidine
657 1367 729 1420 falsa

102 1456 123 1504 ·,
135 1441 205 1491 etin
217 1439 317 1490 melius
328 1443 391 1501 tua,
402 1441 449 1506 qui
460 1445 553 1505 potes,
563 1454 629 1490 crsa
639 1434 779 1489 reflectas!

102 1509 151 1561 uhi
164 1509 240 1560 dicta
250 1508 341 1558 dedit:
353 1507 432 1558 coelo
443 1523 473 1560 se
484 1513 618 1574 protenus
629 1506 688 1558 alto

102 1618 104 1635 .
117 1593 206 1646 agens
216 1575 344 1640 hiemem,
352 1576 446 1628 uimbc
457 1579 612 1639 succincta,
621 1591 673 1643 per
683 1586 781 1640 auras3

102 1662 188 1717 mque
199 1647 288 1698 aciem
298 1652 328 1697 et
336 1645 491 1697 Laurentia
502 1652 594 1696 castra
604 1645 710 1711 petivit.
789 1651 839 1703 535

102 1718 155 1770 lea
165 1716 239 1767 nube
249 1729 317 1766 cava
327 1719 440 1766 tenuem
450 1717 510 1767 sine
521 1716 624 1766 viribus
635 1714 761 1764 umbram

102 1789 159 1839 iem
169 1786 281 1837 Aeneae
291 1785 362 1846 (visu
373 1784 501 1835 mirabile
511 1788 666 1834 monstrum
673 1780 692 1843 l)

102 1857 170 1907 miis
180 1858 262 1906 ornat
272 1853 350 1916 telis;
361 1853 536 1920 clipeumque
547 1853 680 1918 iubasque

101 1928 108 1976 i
121 1923 272 1977 assimulat
282 1923 396 1989 capitis3
408 1924 457 1973 dat
467 1924 562 1974 inania
570 1922 671 1983 verba3

102 2011 145 2047 ne
156 1999 252 2044 mente
261 2007 375 2054 sonum,
386 2006 549 2060 gressusque
561 1989 668 2057 effingit
680 1987 780 2041 cuntis.
791 1994 841 2047 540

102 2083 109 2117 ε
121 2064 203 2116 obita
214 2061 310 2129 quales
321 2059 397 2112 fama
407 2066 450 2112 est
458 2060 578 2111 volitare
588 2061 702 2127 figuras,

102 2149 156 2185 uae
167 2133 275 2196 sopitos
286 2130 422 2182 deludunt
432 2132 540 2180 somnia
550 2143 655 2180 sensus.

107 2217 169 2254 mas
181 2200 257 2251 laete
267 2206 332 2251 ante
343 2201 417 2251 acies
428 2199 553 2250 exsultat
562 2201 665 2265 imago,

102 2279 172 2340 tque
182 2271 273 2320 sirum
283 2270 363 2331 telis,
374 2274 403 2320 et
411 2282 479 2320 s'ecc
489 2269 609 2319 lacessit.

102 2361 108 2394 ι
119 2341 167 2393 cui
178 2340 306 2400 Turnus,
321 2339 541 2404 stridentemque
555 2338 663 2390 annuus
675 2331 784 2384 hastam
794 2332 842 2386 (145

102 2413 155 2472 cit3
166 2407 218 2458 illa
229 2409 295 2459 dato
304 2410 389 2460 vertit
398 2409 514 2475 vestigia
524 2416 615 2474 tergo.

103 2493 174 2531 vero
185 2479 296 2529 Aenean
308 2493 435 2529 aversum
446 2482 478 2526 ut
488 2478 587 2527 cedere
598 2475 710 2524 Turnus

105 2551 163 2613 dit,
174 2553 258 2615 atque
270 2549 363 2598 animo
374 2561 451 2612 spem
461 2544 590 2595 tui-bidus
602 2540 695 2592 hausit
703 2539 744 2588 ln-

441 2626 530 2662 anem:

103 2689 186 2760 iugis,
196 2684 306 2743 Aenesi
317 2683 456 2736 thalamos
466 2695 502 2734 nc
512 2679 610 2732 desere
620 2682 731 2746 pact0s3
