1882 3052
146 155 198 209 mo
303 155 332 206 r.
352 130 537 208 vrncrn'n
560 105 762 206 nunonis

146 260 236 322 Quam
247 257 328 308 multi
337 257 445 323 Libyco
455 255 605 306 volvuntur
614 266 753 304 marmore
765 249 833 302 flues

132 373 133 377 ,
147 327 252 380 Saevus
262 328 309 378 ubi
320 326 405 377 Orion
415 324 537 376 bibernis
546 323 675 376 conditur
684 321 780 384 undis,

88 415 138 464 72⁰
146 398 202 450 Vel
212 412 297 463 quum
308 396 367 447 sole
377 408 447 445 novo
459 394 561 445 densae
571 398 715 444 torrentur
726 392 833 451 aristae,

146 469 202 517 Aut
211 466 309 517 Hermi
320 480 380 516 cam
400 478 430 526 o,
441 468 491 514 aut
499 464 605 529 Lyciae
614 460 782 514 flaventibus
791 471 833 509 arr

85 552 89 557 ¹
149 535 234 586 Scuta
244 541 351 595 sonant,
357 479 494 600 plusque
505 533 607 599 pedum
617 531 713 582 tremit
720 529 833 580 excitate

168 624 171 628 ¹
184 605 258 654 Hinc
267 604 512 670 Agamemnonius,
522 602 637 653 Troiani
647 599 767 648 nonsinis
777 593 833 646 bost

151 672 237 724 Curru
246 672 330 737 iungit
336 673 457 724 Halesus
468 686 566 738 equos,
577 665 833 734 'liirnoqueTeroce

91 738 140 806 7²5
150 740 229 791 Mille
239 744 312 807 rapit
322 741 452 807 populos;
467 742 578 788 vertunt
588 736 680 788 felicia
692 733 796 787 Bacchi

145 810 273 861 ,Massica
283 812 331 877 qui
341 810 450 870 rastris,
461 812 489 858 et
498 821 567 874 quos
579 806 614 857 de
625 803 743 857 collibus
752 800 817 855 altis

130 911 132 917 ι
149 879 271 929 Aurunci
281 880 381 929 misere
391 882 496 943 patres,
506 875 683 941 Sidicinaque
694 875 775 924 iuxta

61 942 72 971 s
149 948 290 1014 Aequora,
305 949 407 1013 quique
419 945 500 996 Cales
510 945 652 1012 linquunt,
662 945 833 1010 amnisque*

143 1016 252 1067 Accola
262 1016 407 1077 Vulturni,
418 1015 575 1081 pariterque
586 1011 728 1065 Saticulus
739 1025 828 1078 asper,

88 1083 143 1152 '730
151 1085 340 1152 Oscorumque
351 1092 456 1134 manus.
477 1084 592 1136 Teretes
603 1088 667 1133 sunt
678 1081 786 1133 aclides
795 1079 833 1131 illi

152 1152 235 1216 Tela;
250 1150 379 1219 sed-haec
390 1152 467 1203 lento
477 1166 537 1203 mos
548 1156 591 1204 est
601 1157 698 1218 aptare
711 1150 831 1218 flagello.

151 1223 258 1274 Laevos
270 1225 346 1272 cetra
354 1223 439 1288 tegit3
455 1219 551 1272 falcati
562 1223 716 1272 comminus
728 1234 815 1272 enses.

185 1290 244 1342 Nec
253 1296 284 1340 tu
296 1291 464 1342 carminibus
474 1292 577 1341 nostris
587 1291 710 1341 indictus
720 1290 816 1351 abibis,

152 1360 266 1423 chale',
277 1374 358 1426 quem
369 1374 517 1427 generasse
527 1360 618 1411 Telon
629 1358 784 1412 Sebethide
793 1371 833 1425 up

93 1429 142 1495 755
153 1429 266 1492 Fertur,
276 1429 430 1481 Teleboum
440 1430 562 1496 Capreas
571 1445 656 1497 quum
667 1443 759 1496 regna
768 1433 833 1482 tene

152 1500 210 1551 lam
220 1501 328 1562 senior;
342 1500 439 1566 patriis
448 1499 497 1550 sed
507 1513 563 1548 non
573 1504 602 1549 et
610 1499 687 1549 lilius
698 1500 775 1550 arvis

153 1569 319 1631 Contentus,
329 1568 386 1620 late
396 1570 452 1620 iam
461 1573 521 1618 tum
531 1568 637 1619 ditione
646 1568 794 1633 premebat

153 1637 294 1690 Sarrastes
303 1636 473 1706 populos,et
483 1653 553 1705 quae
563 1639 639 1704 rigat
648 1651 774 1705 aequora
784 1635 833 1688 Sar

153 1709 262 1776 Quique
273 1707 375 1759 Rufras
384 1707 571 1776 Batulumque
568 1712 678 1828 (peperit
689 1712 776 1774 atque
788 1718 833 1756 arv

6 1832 8 1839 ,
204 1794 210 1799 ·
591 1791 715 1839 cennas,

94 1850 145 1914 740
151 1846 188 1896 Et
199 1860 267 1911 quos
277 1845 420 1898 maliferae
432 1848 594 1912 despectant
603 1848 713 1897 moenia
723 1844 833 1897 Abellae

153 1916 307 1973 Teutonico
318 1917 374 1964 ritu
384 1915 459 1965 soliti
470 1921 599 1982 torquere
610 1917 728 1977 cateias;

153 1983 289 2050 Tegmina
298 1985 359 2049 quis
370 1985 489 2049 capitum
500 1991 596 2050 raptus
607 1984 640 2036 de
647 1983 754 2035 subere
765 1989 833 2036 corte

119 2094 122 2101 .
152 2053 324 2119 Aerataeque
334 2054 438 2103 micant
447 2053 553 2117 peltae,
565 2055 649 2104 micat
659 2068 760 2105 aereus
772 2054 833 2106 ensi

185 2122 224 2172 Et
231 2127 261 2176 te
272 2125 416 2173 montosae
427 2124 526 2173 misere
536 2125 565 2172 in
575 2123 682 2189 proelia
691 2122 811 2186 Nersae,

95 2196 143 2258 745
153 2188 250 2250 erns,
259 2190 395 2255 insignem
406 2188 481 2240 fama
492 2197 520 2242 et
530 2191 657 2244 felicibus
667 2195 768 2243 arinis:

152 2258 274 2309 Horrida
284 2260 430 2325 praecipue
442 2261 486 2310 cui
496 2275 577 2327 gens,
588 2267 758 2329 assuetaque
769 2263 833 2314 nub

153 2325 263 2379 Venatu
273 2333 428 2392 nemorum,
440 2330 515 2380 duris
525 2332 677 2398 Aequicula
686 2330 789 2399 glebis.

153 2398 259 2452 Armati
271 2402 372 2448 terram
384 2403 525 2463 exerrent,
537 2416 700 2470 semperque
710 2407 833 2456 recente

154 2469 322 2518 convectare
332 2470 409 2517 iuvat
417 2469 547 2534 praedas,
558 2477 586 2521 et
595 2473 685 2523 vivere
695 2477 790 2537 rapto.
828 2505 833 2515 ·

100 2541 145 2603 750
155 2536 228 2598 Quin
239 2542 268 2587 et
277 2536 421 2589 Marrubia
430 2540 506 2589 venit
517 2539 550 2591 de
561 2547 642 2607 gente
653 2541 797 2606 sacerdos,

75 2631 82 2643 ι
155 2606 265 2658 Fronde
276 2621 358 2672 super
367 2607 476 2674 galcam
487 2612 515 2659 et
525 2609 600 2661 felici
611 2615 719 2662 comtus
730 2610 818 2674 oliva,

57 2692 59 2698 ¹
119 2736 123 2743 ‚
156 2675 283 2743 Archippi
293 2677 366 2745 rogis
376 2679 473 2744 missu,
485 2677 652 2734 fortissimus
661 2680 785 2736 Vmbro:
