1882 3052
139 170 193 225 202
297 168 328 221 P.
347 165 532 220 vuedlml
554 161 742 217 Maeoniis

141 272 229 325 Ferre
239 272 283 325 sui
294 269 411 325 dederat
420 273 630 321 monumentum
640 273 670 321 et
678 268 780 336 pignus
789 277 858 319 amm

142 341 188 394 Sic
199 342 274 393 fatus
284 340 372 408 cingit
380 339 512 390 viridanti
523 345 652 404 tempora
661 336 759 401 leuro;

81 415 133 470 tto
141 412 179 464 Et
189 411 309 477 primunr
318 412 382 460 ante
393 422 488 459 omnes
497 409 632 459 victorem
641 390 858 473 appellatdoer‘t

141 479 200 533 Nee
210 480 300 531 bonus
309 479 450 545 Eurytion
460 477 587 544 praelato
597 477 697 528 inridit
706 474 821 539 honori3

141 548 274 612 Quamvis
284 546 360 598 aolur
369 561 448 598 arem
459 546 538 598 coelo
548 546 651 598 deiecit
658 547 694 598 ab
704 545 782 597 alto.-

142 617 290 670 Proximus
298 614 456 682 ingreditur
466 616 559 679 donia,
570 616 619 685 qui
628 615 740 667 vincula
749 613 836 681 rupit3

144 687 306 748 Extremus,
315 682 424 736 volueri
434 686 481 753 qui
492 687 555 736 fixit
563 685 699 737 arundine
710 683 824 736 malum.

85 757 136 816 545
178 753 834 821 Atpaterneneae‚nonduncertamnemisso,

144 820 294 874 Custodem
305 823 341 874 ed
351 837 413 874 aeae
423 823 610 890 comitemque
620 823 741 889 impubis
750 821 806 875 luli

142 890 286 958 Epytiden
295 894 388 952 vocat,
399 895 429 942 et
437 892 522 944 fidam
532 893 573 943 sio
582 890 659 942 fatur
669 891 707 944 ad
716 903 827 943 auremz

143 960 236 1021 Vade,
247 974 312 1026 age,
323 965 352 1012 et
360 961 492 1024 Ascanio,
503 962 527 1012 ai
536 961 592 1012 iam
602 959 715 1027 puerile
723 963 852 1027 paratum

143 1030 249 1097 Agmen
260 1028 451 1094 habetoeeum,
462 1031 858 1099 cursusqueinatruxitequon

29 1152 33 1159 ,
83 1103 135 1158 555
143 1097 238 1150 Ducat
248 1112 299 1149 avo
310 1103 431 1163 turmas,
443 1105 472 1153 et
481 1114 542 1152 reae
553 1099 684 1151 ostendat
693 1099 723 1150 in
733 1100 830 1163 arnrir,

143 1165 210 1230 Die,
221 1167 269 1217 ait.
289 1167 351 1234 lpse
362 1182 472 1221 omnem
481 1168 566 1236 longo
579 1169 714 1221 decedere
726 1169 805 1221 eiroo

128 1235 268 1288 'Infusum
281 1236 428 1303 populum,
438 1244 468 1289 et
478 1251 590 1303 oanrpoa
600 1237 679 1288 iubet
688 1253 752 1289 ease
762 1240 858 1304 paint

143 1304 279 1356 Incedunt
290 1307 382 1371 pueri,
393 1307 555 1375 pariterque
565 1309 629 1358 ante
641 1321 692 1357 ora
702 1313 854 1373 parentum

143 1373 273 1426 Frenatis
284 1373 380 1427 lucent
388 1376 417 1426 in
427 1377 517 1444 equis:
531 1390 601 1443 quoe
612 1376 702 1426 omnia
713 1383 816 1428 euntes

84 1447 134 1502 555
144 1444 308 1502 Trinacriae
318 1445 420 1496 mirata
429 1444 524 1499 fremit
533 1446 692 1512 Troiaeque
702 1445 847 1498 iuventus.

143 1512 280 1564 Omnibus
290 1514 320 1564 in
329 1528 436 1566 morem
447 1519 529 1566 tonsa
539 1529 620 1566 coma
629 1529 726 1580 pressa
737 1530 858 1580 eorona3

144 1581 253 1632 Cornea
262 1582 330 1632 bina
340 1581 435 1634 ferunt
443 1584 566 1652 praefixo
577 1582 691 1635 hastilia
701 1583 796 1650 ferr03

144 1648 213 1701 Para
224 1650 317 1703 laeves
328 1648 445 1704 humero
455 1651 614 1720 pharetram
630 1655 653 1704 it
664 1659 782 1720 pectore
792 1670 857 1708 aum

143 1718 261 1770 Flexilis
272 1720 377 1772 obtorti
388 1736 439 1788 per
449 1721 554 1773 collum
565 1721 686 1773 eiroulua
697 1724 770 1773 auri.

84 1790 136 1845 560
144 1790 215 1838 Trea
226 1790 351 1855 equitum
361 1806 478 1844 numero
487 1798 610 1852 turmae,
622 1791 752 1859 ternique
763 1807 857 1862 ragan

144 1856 298 1918 Ductorem
313 1860 394 1923 pueri
404 1859 446 1908 bis
457 1859 516 1908 seni
526 1873 664 1926 quemque
673 1863 765 1912 secuti

143 1925 260 1990 Agmine
270 1927 374 1989 partito
384 1923 506 1991 fulgent,
517 1928 684 1996 paribusque
694 1933 850 1998 magistris.

144 1993 208 2044 Vna
219 1992 292 2043 acies
302 1993 445 2056 iuvenum,
455 1994 536 2044 duxit
546 2012 629 2062 quam
639 2013 741 2065 parvus
753 2007 859 2054 orante

144 2059 252 2112 Nomen
264 2061 308 2110 avi
317 2060 443 2112 referens
454 2062 593 2130 Priamum
607 2073 657 2118 tua
667 2067 758 2132 clara,
770 2070 858 2122 Polite

84 2133 134 2189 565
144 2128 310 2196 Progenies,
320 2134 439 2180 auctura
453 2132 552 2183 Italos:
568 2151 651 2203 quem
662 2135 803 2190 Thracius
814 2139 858 2192 all

143 2196 243 2249 Portet
253 2212 340 2265 equus
351 2198 460 2251 bicolor
468 2203 599 2267 maculia3
613 2207 730 2274 vestigia
741 2210 829 2274 primi

143 2265 214 2319 Alba
224 2266 314 2333 pedis,
325 2267 502 2339 frontemque
513 2278 655 2326 ostentans
666 2276 773 2328 arduus
784 2277 858 2331 albat

144 2335 223 2387 Alter
231 2339 314 2404 Atys,
324 2352 412 2406 genua
423 2341 497 2394 unde
506 2342 562 2393 Atii
573 2343 678 2396 duxere
689 2344 801 2412 Latini3

144 2403 250 2456 Parvus
260 2407 344 2474 Atye,
353 2423 496 2479 pueroque
507 2426 578 2477 puer
587 2413 707 2466 dilectus
716 2416 791 2468 Iulo.

84 2477 136 2548 570
144 2475 307 2540 Extremus,
318 2475 463 2548 formaque
476 2486 540 2533 ante
552 2497 647 2535 omnes
658 2482 789 2550 pulcher,
799 2486 858 2538 lulr

144 2543 260 2596 Sidonio
272 2552 315 2598 est
324 2548 450 2600 invectus
460 2564 545 2618 equor
560 2567 643 2619 quem
653 2554 774 2607 eandida
783 2555 858 2608 Dido

136 2614 211 2672 Esse
222 2615 269 2670 aui
280 2614 402 2672 dederat
409 2627 628 2673 monumeneum
635 2624 776 2685 etp'xgnue
782 2638 858 2676 amm

132 2688 248 2749 cetera
258 2691 426 2752 'inuadite
435 2689 661 2761 puueaaemor'm
673 2690 793 2738 neam
