1882 3052
146 133 197 230 rso
308 174 533 237 1³..vlua1L11
557 124 742 226 sinuosus
780 226 785 230 .

146 280 284 347 Cingitur,
297 294 328 330 ac
339 279 439 331 densos
448 277 539 330 fertur
549 278 701 346 moriturus
712 280 741 328 in
753 276 856 330 hostes.

146 351 264 401 Aedibus
275 349 303 399 in
314 349 424 409 mediis,
432 346 566 413 nudoque
576 347 627 397 sub
638 345 761 398 aetheris
771 363 834 410 axe,

145 420 245 485 lugens
256 431 305 467 ara
315 416 381 479 suit,
391 416 524 482 iuxtaque
534 416 684 466 veterrima
694 415 802 478 laurus,

145 487 308 539 lncumbens
319 500 397 547 arae,
408 489 492 551 atque
503 483 602 534 umbra
612 483 760 550 complexa
768 483 887 536 Penates

86 553 135 606 515
144 557 199 609 Hic
209 555 326 606 Hecuba
336 559 365 606 et
374 561 455 604 natae
466 552 654 620 nequidquam
665 553 768 604 altaria
778 555 887 614 euentu,

57 643 62 649 ·
144 625 314 690 Praecipites
325 627 387 675 atra
397 636 448 673 ceu
458 626 626 687 tempestate
636 620 791 685 columbae,

146 694 306 745 condensae
317 698 345 744 et
355 693 447 744 dirum
458 690 885 756 amplexaesimulacrasedebau

143 763 237 828 Ipsum
249 767 342 814 autem
352 762 450 813 sumtis
460 760 601 810 Priamum
612 759 785 811 iuvenalibus
797 761 881 825 armis

118 874 122 880 .
144 831 184 882 Vt
193 831 274 882 vidit:
285 832 364 893 Quae
375 844 452 881 mens
463 834 521 879 tam
531 828 601 890 dira,
611 828 765 879 miserrime
776 831 887 880 conium

85 894 136 949 bno
144 899 259 964 Impulit
269 897 311 949 his
321 914 394 966 cingi
404 897 485 950 telisi
500 902 549 948 aut
559 911 614 964 quo
625 895 700 946 ruisi
713 897 816 965 inquit.
829 936 834 941 -

145 966 209 1019 Non
220 967 271 1018 tali
282 969 401 1029 auxilio,
412 983 464 1019 nee
475 965 669 1018 defensoribus
678 966 740 1016 istis
790 992 795 1001 ·

144 1034 887 1104 Tempuseget3nemsiipsemeusnuncadforetHector

143 1104 208 1157 Huc
217 1104 329 1156 tandem
340 1104 473 1166 coneede3
489 1102 558 1154 haec
568 1117 618 1152 ara
628 1103 754 1155 tuebitur
765 1119 873 1161 omnes·

105 1173 109 1178 “
144 1175 199 1223 Aut
208 1174 328 1224 moriere
338 1172 429 1222 simul.
451 1170 497 1222 Sic
508 1186 557 1222 ore
567 1170 664 1233 effata,
675 1174 784 1239 recepit

85 1235 134 1289 525
144 1242 185 1299 dd
196 1256 268 1304 sese,
280 1246 308 1291 et
318 1255 398 1291 sacra
408 1240 575 1307 longaevum
584 1241 612 1290 in
622 1241 687 1291 sede
697 1240 812 1294 locarit⁴
872 1279 875 1285 -

178 1312 252 1362 Ecce
263 1315 355 1361 autem
367 1309 478 1374 elapsus
489 1307 590 1375 Pyrrhi
601 1308 635 1359 de
646 1310 732 1361 caede
742 1310 859 1374 Polites,

145 1378 224 1432 Vnus
234 1385 364 1430 natorum
375 1378 491 1439 Priami,
503 1392 552 1443 per
563 1376 632 1439 tela,
644 1393 694 1443 per
704 1376 801 1431 hostes

144 1447 301 1500 Porticibus
313 1448 402 1514 longis
414 1445 497 1513 sugit,
509 1451 538 1497 et
546 1460 634 1496 vacua
644 1447 716 1497 atria
727 1446 834 1502 lustrat

145 1515 269 1568 Saucius.
291 1515 373 1569 lllum
385 1516 485 1567 ardens
496 1514 597 1566 infesto
609 1514 724 1566 vulnere
734 1516 864 1583 Pyrrhus

85 1579 887 1653 530Insequitur,iamiamquemanutenet,etpremithasn

144 1653 184 1704 Vt
193 1655 307 1705 tandem
317 1659 383 1705 ante
394 1653 489 1704 oeulos
501 1653 588 1704 evasit
598 1657 627 1702 et
637 1667 687 1704 ora
697 1661 859 1718 parentum,

144 1721 284 1784 Concidit,
296 1738 328 1773 ac
339 1722 428 1772 multo
439 1723 524 1772 vitam
535 1737 595 1772 cum
607 1724 741 1788 sanguine
752 1722 836 1776 fudit

142 1789 197 1840 Hie
208 1789 347 1851 Priamus,
357 1805 523 1858 quamquam
534 1793 563 1840 in
574 1791 665 1841 media
675 1792 730 1840 iam
741 1800 835 1846 morte
848 1800 883 1846 te·

147 1893 150 1897 ›
558 1864 649 1921 uetur,

142 1924 205 1976 Non
216 1932 311 1978 tamen
323 1926 468 1986 abstinuit,
480 1941 531 1976 nec
541 1928 602 1978 voci
613 1929 727 1994 iraeque
738 1933 874 1997 pepercit.

84 1993 133 2046 535
142 1995 178 2044 At
187 1994 237 2044 tibi
249 2008 299 2060 pro
311 1994 428 2055 scelere,
439 1994 588 2058 exclamat,
600 2010 650 2061 pro
662 1997 764 2048 talibus
776 2003 863 2062 ausis,

141 2062 192 2122 Dr,
203 2063 226 2111 si
237 2077 293 2128 qua
303 2067 346 2112 est
355 2061 435 2112 coelo
446 2063 546 2127 pietas,
557 2079 630 2130 quae
643 2064 712 2117 talia
723 2075 814 2132 curet,

141 2130 305 2196 Persolvqnt
315 2135 408 2198 grates
419 2131 528 2198 dignas,
540 2139 568 2183 et
578 2136 700 2198 praemia
710 2137 833 2189 reddant

140 2197 256 2262 Debita,
267 2200 314 2265 qui
325 2201 383 2250 nati
394 2214 487 2251 coram
497 2215 542 2252 me
553 2217 668 2254 eernere
679 2202 767 2255 letum

140 2265 256 2329 Fecisti,
268 2272 297 2319 et
306 2269 412 2334 patrios
423 2269 542 2320 foedasti
554 2269 653 2323 funere
663 2272 767 2324 vultus.

82 2337 175 2394 blodt
185 2350 241 2386 nou
251 2336 313 2398 ille,
324 2343 414 2387 satum
427 2351 482 2404 quo
493 2343 521 2389 te
532 2341 671 2402 mentiris,
682 2341 807 2395 Achilles

140 2404 217 2457 Talis
227 2405 256 2455 in
267 2403 346 2456 hoste
357 2404 411 2457 fuit
421 2405 544 2469 Priamo,
555 2409 604 2460 sed
614 2412 677 2460 iura
687 2411 829 2481 iidemque

57 2520 60 2526 .
139 2472 278 2542 Supplicia
288 2475 411 2536 crubuit,
423 2489 579 2543 corpusque
591 2492 732 2545 exsangue
743 2483 877 2548 sepulcro

138 2541 270 2594 Reddidit
279 2543 458 2605 Hectoreum,
469 2558 567 2612 meque
577 2547 605 2596 in
615 2562 678 2597 mea
687 2563 776 2616 regna
785 2557 887 2607 remisit

139 2607 185 2661 Sic
195 2610 270 2663 fatus
278 2612 385 2673 senior,
396 2612 538 2680 telumque
548 2614 659 2666 imbelle
669 2617 728 2670 sine
739 2608 799 2672 ic‘tu

79 2676 130 2730 545
139 2679 277 2744 coniecit,
287 2694 373 2734 rauco
383 2680 458 2751 quod
468 2683 595 2748 protinus
604 2698 670 2740 aere
679 2688 835 2756 repulsum,
