1882 3052
111 166 162 216 1222
269 165 299 216 P.
318 158 502 216 villelm
523 157 716 215 mnroNrs

147 267 219 330 Quid
230 266 368 335 polluisti,
378 261 499 318 feminal
514 278 549 315 un
560 263 615 316 ioui
623 261 737 316 dolenti

182 338 223 388 hu
235 337 309 389 saeta
319 336 463 404 cognoscis
473 331 541 384 tuat

51 442 54 447 -
146 406 208 459 Nou
218 422 264 458 me
273 405 384 457 vocabis
395 401 510 470 pulchra
519 416 569 468 per
580 401 709 470 cotyttia
891 449 901 455 ..

70 489 102 525 ιο
179 476 224 527 ho
234 474 349 527 feriatos
359 473 493 525 fascinos:
879 460 905 497 ὦ

146 543 203 596 Neo
213 543 276 595 dein
287 551 399 595 morere
409 542 519 593 lumbos
528 541 558 591 in
569 540 741 594 crocotulam
877 498 882 609 ⁴

183 610 563 673 Prensisridehoalteribus3
877 614 886 675 l,

148 682 265 734 Flavum
275 695 362 747 prope
372 678 509 747 Thybrim
520 685 550 730 et
559 678 668 732 olentes
679 679 810 731 nauticum
871 661 907 721 ,kf
913 662 940 706 L

181 748 303 801 Vocare:
317 749 365 800 uhi
377 749 510 816 appulsae
519 752 596 800 rates

70 814 103 867 25
147 818 230 872 Stant
238 820 268 869 in
277 818 355 870 radis
366 832 452 870 eoeno
461 822 589 870 retentae
598 817 722 880 sordido,

182 888 577 956 Maoraqueluetantesaqua.

148 957 244 1025 Neque
253 959 282 1009 in
293 956 427 1020 culinam,
437 961 466 1008 et
475 961 559 1007 uncte
568 955 737 1024 compitalia,

182 1028 330 1095 Depesque
340 1026 423 1077 duces
432 1024 573 1076 sordidast

148 1097 254 1159 Quibus
263 1094 387 1161 repletus
396 1099 429 1145 ut
438 1093 565 1145 salinosis
574 1095 663 1164 aquis,

69 1164 104 1215 so
183 1163 303 1217 obesam
314 1162 351 1214 ad
360 1177 475 1216 uxorem
486 1163 569 1227 redis,
651 1180 656 1189 ·

148 1236 185 1288 Et
195 1238 355 1286 aestuantes
367 1233 448 1285 docte
457 1232 542 1283 solvis
552 1233 686 1300 pantices,

186 1304 323 1371 Osusque
333 1300 432 1354 lumbis
442 1302 533 1353 saviis.

147 1371 228 1425 Nunc
237 1373 330 1435 laede,
341 1387 414 1423 nune
424 1371 541 1434 lacesse,
552 1372 576 1423 si
584 1371 736 1442 quidquam
746 1369 827 1426 ralesl
939 1371 941 1376 ’

182 1442 220 1494 Et
229 1455 330 1493 nomen
341 1440 467 1492 adscribo
478 1445 565 1491 tuum.
735 1457 737 1461 ’
926 1455 931 1464 ·

70 1513 103 1565 55
151 1510 274 1563 Cinaede
283 1509 414 1573 Luci,an
424 1516 453 1561 te
462 1509 636 1577 reliquerunt
645 1509 732 1579 opes!

167 1580 321 1647 ¹Famellue
331 1580 444 1648 genuini
455 1577 586 1645 erepant!

147 1648 253 1701 Videho
263 1646 411 1702 habentem
422 1654 531 1715 praeter
540 1650 654 1717 ignavos
664 1647 737 1702 nihil

181 1719 295 1771 Fratres
307 1723 335 1770 et
344 1719 446 1769 iratum
456 1718 558 1780 lovem,

147 1786 325 1854 scissumque
334 1792 472 1849 ventrem,
483 1791 513 1838 et
522 1785 644 1843 herniosi
656 1789 749 1854 patrm

69 1855 103 1905 40
183 1857 272 1910 Pedes
282 1857 373 1908 inedia
383 1856 531 1925 turgidos..

465 2012 517 2065 vl.

330 2104 390 2152 nl>
421 2105 658 2157 VENEREM.

112 2177 154 2261 Si
163 2208 230 2261 mihi
240 2215 398 2277 susceptum
409 2209 495 2263 fuerit
505 2213 652 2266 decurrere
659 2229 774 2278 munus,

146 2281 170 2332 0
183 2276 311 2345 Paphon,
323 2294 339 2330 o
350 2280 430 2331 sedes
441 2296 513 2349 quae
523 2283 591 2333 colis
601 2282 716 2347 Idalias,

112 2351 214 2401 Troius
224 2349 330 2399 Aeneas
341 2350 467 2400 Romana
477 2366 527 2418 per
538 2352 639 2419 oppida
649 2352 736 2420 digno

148 2419 207 2470 lam
217 2418 330 2470 taudem
340 2423 372 2470 ut
382 2425 473 2470 tecum
484 2423 606 2473 carmine
615 2429 713 2474 vectus
724 2433 784 2475 eat:

86 2486 175 2540 5Nou
187 2502 238 2555 ego
248 2491 310 2539 ture
321 2488 417 2551 modo,
428 2493 478 2538 ant
488 2490 562 2555 picta
572 2495 622 2541 tua
631 2491 738 2558 templa
748 2491 844 2546 tabella
905 2486 914 2533 ἶ

148 2557 274 2618 ornabo,
286 2563 315 2609 et
325 2559 402 2624 puris
411 2562 487 2609 serta
498 2557 585 2609 feram
595 2561 737 2612 manibus:
909 2557 911 2562 ’

114 2627 250 2696 Corniger
260 2624 311 2676 hos
322 2628 394 2678 aries
404 2624 537 2689 humiles,
548 2634 576 2678 et
586 2629 708 2681 maxima
717 2636 816 2684 taurus

147 2697 271 2756 Victima
280 2703 406 2755 sacratos
413 2697 505 2768 tinget
510 2694 615 2750 honore
625 2696 717 2751 iocosa
