1882 3052
212 154 624 208 AENEfflOSLlB.V111.
746 155 798 208 ars
839 128 842 135 ’

85 276 98 308 n
112 263 238 325 quantae
250 260 358 308 irriseris
368 259 467 309 caedes
476 257 662 310 Laurentibus
671 257 789 310 instant!

85 344 111 378 rs
124 341 233 392 poenas
243 327 322 389 mihi,
332 329 441 389 Turne,
451 327 542 378 dabis!
557 342 638 394 quam
649 327 737 379 multa
746 328 798 379 sub

457 396 545 447 undas

85 472 123 514 ita
135 465 227 514 virum
237 465 388 531 galeasque
398 470 427 515 et
437 464 522 515 fortia
533 478 652 530 corpora
661 463 764 527 volves,

85 534 147 597 ybri
156 533 253 598 pater!
269 532 388 584 Poscant
397 535 483 595 acies,
493 540 522 585 et
533 533 649 584 foedera
657 533 799 599 rumpant!
809 538 859 590 540

85 603 152 653 {aee
162 602 211 652 ubi
223 602 298 652 dicta
307 602 396 663 dedit,
406 602 477 652 solio
487 618 516 653 se
526 603 602 653 tollit
611 602 646 652 ab
656 601 729 665 alt03

85 672 206 736 primum
217 670 366 720 Herculeis
375 672 478 736 sopitas
488 672 599 738 ignibus
610 686 673 722 aras

85 741 167 801 sitat,
178 737 395 806 hesternumque
404 739 507 790 Larem
517 754 671 808 parvosque
682 740 800 792 Penates

85 813 144 859 stus
154 807 230 871 adit3
245 813 369 858 mactant
379 808 466 860 lectas
477 808 512 859 de
522 823 600 859 more
610 809 738 859 bidentes

86 875 187 927 andrus
198 878 318 942 pariter,
329 879 435 943 pariter
445 878 568 927 Troiana
577 878 714 928 iuventus.
811 881 860 935 545

85 951 104 995 st
115 944 184 995 hinc
194 944 232 995 ad
242 961 324 996 naves
334 940 473 1012 graditur,
483 947 630 1012 sociosque
640 947 748 996 revisit:
775 980 781 989 .

86 1029 166 1064 mum
177 1013 353 1075 desumere,
365 1016 412 1081 qui
423 1029 484 1065 sese
493 1017 523 1064 in
533 1014 608 1065 belia
617 1019 779 1080 sequantur,

86 1087 223 1133 restantes
232 1083 336 1133 virtute
349 1082 431 1149 legit3
446 1097 511 1148 pars
522 1088 616 1134 cetera
627 1097 716 1149 prona

86 1155 141 1201 tur
152 1164 242 1216 aqua,
254 1153 399 1216 segnisque
411 1151 533 1202 seeundo
545 1151 643 1202 defluit
653 1153 739 1212 amni‚·

86 1220 143 1269 ntia
154 1223 276 1270 ventura
284 1220 402 1268 Ascanio
412 1234 561 1285 rerumque
572 1221 722 1286 patrisque.
812 1225 862 1276 550

86 1293 151 1338 ntur
161 1289 230 1354 equi
240 1288 356 1337 Teucris
367 1285 516 1352 Tyrrhena
525 1289 684 1353 petentibus
695 1299 774 1339 arva:

86 1361 309 1408 sunt'exsortem
318 1357 440 1418 Aeneam
455 1370 537 1421 quem
547 1355 624 1407 fulva
633 1356 723 1407 leonis

86 1425 121 1476 lis
133 1424 200 1476 obit
210 1429 316 1486 totum,
328 1423 507 1490 praefulgens
517 1425 657 1491 unguibus
667 1425 768 1476 aureis

86 1494 163 1545 iama
172 1492 255 1543 volat
264 1507 376 1559 parvam
387 1493 480 1544 subite
491 1493 605 1560 vulgata
616 1509 666 1560 per
676 1494 781 1554 urbem,

86 1580 122 1615 us
133 1565 181 1615 irs
193 1562 303 1628 equites
313 1559 454 1628 Tyrrheni
465 1561 501 1612 ad
510 1561 607 1613 limina
617 1564 699 1630 regis.
814 1565 863 1618 555

86 1649 110 1684 :a
120 1637 208 1684 metu
218 1629 364 1696 duplicant
373 1635 489 1693 matres,
500 1633 668 1698 propiusque
674 1629 783 1697 ‚periclo

86 1705 176 1764 imor,
187 1704 220 1752 et
229 1701 318 1750 maier
328 1700 428 1752 Martis
438 1701 494 1750 iam
503 1709 620 1766 apparet
630 1702 730 1766 imago.

86 1788 107 1822 n
119 1777 212 1838 pater
221 1768 379 1831 Evandrus,
395 1769 522 1820 dextram
533 1768 694 1834 complexus
705 1768 805 1828 euntis,

86 1845 161 1902 eret,
172 1837 349 1902 inexpletum
359 1838 520 1900 lacrimans,
531 1853 564 1887 ae
572 1839 643 1888 talia
653 1836 742 1888 fatur:

86 1907 142 1960 sihi
153 1908 327 1974 praeteritos
336 1906 443 1957 reserat
452 1907 475 1956 si
485 1906 592 1972 Iupiter
602 1904 702 1957 annosi
816 1911 865 1961 560

86 1979 138 2029 slis
148 1989 245 2036 eram,
256 1990 339 2042 quum
352 1977 469 2041 primam
481 1977 568 2026 aciem
578 1974 729 2026 Praeneste
738 1973 788 2024 sub

462 2058 525 2109 ipsa

86 2117 132 2168 avi
142 2117 347 2178 scutorumque
357 2112 467 2162 incendi
477 2113 568 2162 victor
576 2126 698 2174 acervos,

86 2197 187 2251 regem
199 2179 253 2231 hae
261 2180 390 2232 Herilum
403 2180 503 2231 deutra
512 2181 563 2231 sub
574 2184 696 2233 Tartara
705 2176 779 2232 misi!
839 2218 844 2226 .

86 2251 178 2304 ruenti
190 2250 236 2301 eui
246 2253 304 2301 tres
314 2250 420 2298 animas
429 2248 550 2299 Feronia
560 2256 652 2303 mater

86 2319 238 2374 urendum
243 2317 318 2368 dictu
325 2316 343 2378 i)
354 2317 479 2378 dederat,
490 2316 806 2378 ternnarmamovenda3
817 2320 866 2373 565

87 2390 171 2442 rieto
182 2385 351 2437 sternendus
362 2389 436 2435 erat:
452 2386 496 2436 eui
508 2390 575 2438 tune
583 2393 676 2438 tamen
689 2398 784 2435 omnes

87 2453 466 2518 stulithaeeanimasdextra,
477 2456 627 2507 ettotidem
632 2455 709 2505 exuit
714 2453 806 2503 armis.

87 2546 101 2580 n
113 2541 171 2595 ego
183 2536 258 2575 nune
269 2522 344 2574 dulei
355 2523 485 2589 amplexu
496 2523 645 2575 divellerer
655 2534 779 2588 usquam,

87 2603 129 2660 te,
139 2602 208 2656 tu03
224 2607 314 2659 neque
324 2593 457 2642 finitimus
468 2591 626 2641 Mezentius
636 2604 755 2656 usquam

87 2669 118 2719 ie
128 2662 217 2733 eapiti
226 2660 364 2715 insultans
372 2665 417 2712 tot
427 2657 502 2711 ferro
512 2670 597 2709 saeva
606 2657 728 2711 dedisset
817 2658 866 2728 57⁰

577 2904 588 2934 N
