1882 3052
191 132 405 187 nanninus
428 132 507 189 [ΑΒ.
526 136 613 197 Viti.
727 136 781 191 265

16 230 109 301 Surge
118 248 188 302 age,
199 243 265 288 nate
275 238 340 300 dea3
355 240 506 306 primisque
516 238 679 292 cadentibus
688 242 772 292 antris

15 300 116 357 lunoni
127 303 176 354 ser
186 306 239 357 rite
249 320 356 371 preces,
366 309 491 375 iramque
501 312 589 360 minas
610 324 645 361 ue
789 310 822 362 60

15 368 200 438 supplicibus
210 389 312 441 supera
320 378 410 447 votis.x
419 376 489 428 Mihi
500 325 732 430 victordronorern

18 440 177 493 Persolves.
197 443 256 510 Ego
266 460 340 506 sum,
350 445 432 510 pleno
443 462 525 514 quem
535 446 649 499 flumine
658 449 749 499 cernis
851 476 859 487 ι

17 510 211 578 stringentem
223 513 308 578 ripas,
319 520 348 565 et
358 515 471 582 pinguia
480 516 557 566 culta
565 521 714 578 secantem,

16 580 175 631 caesareus
185 579 320 647 Thybris,
332 583 409 633 coeio
420 586 593 650 gratissimus
603 586 700 637 amnis.

16 648 66 700 iiic
77 647 151 698 mibi
164 663 264 716 magna
272 650 383 712 domus,
398 653 479 704 celsis
489 660 571 719 caput
581 655 703 716 urbibus,
714 655 778 706 exit.
788 651 822 702 65

47 718 146 780 Dixit,
158 718 259 771 deinde
271 721 330 770 lacn
344 720 457 771 Fluvios
467 737 497 773 se
508 722 633 773 condidit
641 722 709 785 alto,

16 788 196 852 imapetcns.
216 786 278 838 Nox
286 790 396 840 Aenean
406 803 573 858 somnusque
582 790 705 859 reliquit.

17 854 127 923 Surgit,
138 861 186 937 et,
193 854 310 907 aetherii
321 863 448 923 spectans
460 860 579 910 orientia
589 859 663 910 Solis

17 926 150 986 Lunrina,
161 930 216 975 nte
226 926 298 976 cavis
308 927 409 978 undam
422 927 458 978 de
468 926 581 979 flumine
592 928 691 993 palmis
731 928 735 935 '

19 992 154 1057 Bustuiit,
164 1008 198 1043 ac
208 993 278 1045 tales
289 992 408 1046 effundit
418 995 453 1046 ad
465 994 581 1047 aethera
589 1010 684 1047 vocesz
791 1008 823 1057 70

20 1062 181 1130 Nymphae,
192 1061 348 1114 Laurentes
358 1061 518 1182 Nymphqe,
527 1062 615 1129 genus
624 1064 751 1116 amnibus

435 1147 473 1181 un
494 1147 510 1182 c
520 1137 572 1193 et,

19 1202 132 1270 Tuque,
143 1212 162 1251 o
172 1199 281 1269 Thybri
291 1205 341 1250 tuo
351 1201 463 1267 genitor
472 1216 533 1251 cum
544 1199 658 1253 flumine
668 1209 773 1263 sancto,

20 1272 142 1338 accipite
154 1272 279 1331 Aenean,
290 1275 320 1320 et
329 1270 442 1320 tandem
453 1274 547 1321 arcete
556 1269 677 1335 periclis.

10 1340 79 1403 ¹ilno
87 1346 118 1392 tc
129 1353 242 1405 cunque
252 1337 342 1400 lacus,
352 1339 531 1389 miserantem
541 1338 715 1389 incommoda

435 1412 540 1463 nostra.

25 1477 105 1529 Fonte
114 1481 211 1538 tenet,
221 1488 386 1543 quocunque
395 1475 455 1525 solo
467 1473 670 1540 pulcherrimus
681 1475 753 1538 exim
791 1472 821 1543 75

25 1546 135 1613 Semper
146 1544 253 1596 bonore
263 1560 338 1606 meo,
348 1559 457 1610 semper
467 1545 642 1596 celebrabere
653 1545 742 1605 donis,

26 1614 156 1683 corniger
166 1614 352 1680 Hesperidum
363 1612 462 1663 fluvius
473 1618 607 1679 regnator
616 1628 762 1680 aquarum:

27 1684 96 1737 Adsis
106 1698 125 1736 o
137 1689 260 1746 tantum,
271 1689 300 1734 et
310 1685 424 1748 propius
434 1687 483 1731 tua
494 1683 607 1731 numina
617 1681 723 1732 firmes!

29 1750 65 1805 Sic
73 1758 228 1815 memorat,
243 1753 422 1821 geminasque
432 1751 501 1816 legit
510 1750 544 1801 dc
555 1750 643 1801 classe
652 1751 780 1812 biremes,

30 1819 202 1891 burigtoque
213 1826 303 1887 aptat3
318 1823 408 1871 socios
418 1818 500 1870 simul
510 1820 625 1869 instruit
634 1820 727 1868 armis.
788 1825 821 1874 80

54 1892 125 1946 Ecce
135 1898 246 1953 auteur,
260 1890 381 1941 subitum
392 1893 475 1956 atque
487 1887 575 1938 oculis
584 1887 711 1939 mirabile

437 1962 601 2019 monstrum,
681 2016 684 2021 ¹

30 2030 143 2083 budica
152 2043 208 2096 per
214 2028 311 2078 silvam
322 2041 383 2077 cum
396 2025 456 2076 fetu
467 2024 598 2076 concolor
607 2023 670 2075 albo

29 2096 186 2153 Procubuit,
195 2097 331 2164 uiridique
343 2098 370 2146 in
381 2095 464 2145 litore
475 2094 643 2160 conspicitur
651 2107 710 2143 sus:

31 2166 103 2231 Quam
116 2170 183 2237 pius
193 2170 299 2219 Aeneas
310 2165 360 2215 tibi
371 2165 457 2226 enim,
468 2162 530 2224 tibi,
540 2163 661 2213 maxima
670 2162 748 2222 luno,

20 2232 137 2301 ¹iinctat,
146 2250 232 2287 sacra
241 2234 348 2295 ferens,
359 2241 458 2285 etcum
469 2247 554 2299 grege
564 2232 639 2282 sistit
647 2230 682 2280 ad
692 2244 777 2280 aram.
788 2238 819 2288 85

26 2304 139 2376 itybris
150 2318 188 2357 ea
197 2304 408 2370 tiuvinm‚quam
420 2303 505 2368 longa
515 2308 570 2362 est,
582 2307 663 2352 nocte
673 2306 715 2349 tu-

434 2375 554 2422 mentem

19 2440 119 2509 iamim
136 2449 171 2497 et
179 2443 265 2494 tacita
275 2439 396 2492 rcssuens
407 2442 446 2490 ita
456 2440 580 2490 substitit
591 2436 675 2496 unda,

17 2508 91 2567 inm
103 2522 137 2565 ot
148 2514 179 2563 in
190 2526 297 2563 morem
308 2511 397 2576 stagni
408 2508 588 2574 placidaeque
600 2504 711 2570 paludis

15 2578 166 2639 Sterneret
175 2594 282 2648 aequor
292 2594 325 2644 aq
330 2581 380 2639 uris,
385 2590 462 2627 remo
474 2580 506 2624 ut
515 2576 654 2624 luctamen
661 2570 778 2620 abesset.

12 2646 88 2723 drgo
99 2654 160 2705 iter
169 2652 312 2716 inceptum
323 2647 461 2706 coierant3
475 2656 587 2693 rumore
597 2637 718 2691 sectando
789 2655 821 2704 qo
