1882 3052
54 194 57 201 ’
160 205 179 258 o
323 184 756 258 avmorcnuaaoms

280 338 504 406 ALEXIS..
541 348 731 402 scucos
760 348 797 399 η

453 448 621 464 0——

161 485 339 568 Formosum
350 519 445 582 pastor
456 513 586 582 corydon
597 512 714 566 ardebat
722 514 830 576 Alexin,

162 585 285 649 Delicias
296 583 413 648 domini3
428 600 492 649 neo,
510 584 576 653 quid
586 589 725 651 speraret,
736 583 864 636 hahebat.

161 654 283 708 Tantum
293 653 367 706 inter
376 653 489 716 densas,
499 655 630 705 umbrosa
640 654 796 718 cacumina,
808 653 891 721 fagos

82 757 85 763 .
161 724 277 776 Assidue
286 723 422 776 veniebat.
441 723 482 776 lbi
492 722 561 774 haec
570 722 713 774 incondita
723 722 799 775 solus

136 793 303 850 &Montibus
314 799 342 844 ct
351 791 529 843 silvis-studio
538 792 664 847 iactabat
671 792 759 843 inani:

196 862 220 914 0
232 861 352 914 crudelis
361 859 453 924 Alexi,
463 859 533 912 nihil
543 875 606 912 mea
616 863 739 911 carmina
749 862 847 912 curasi

160 928 208 983 Nil
218 931 306 983 nostri
316 929 466 982 misereret
479 932 550 981 mori
561 944 604 981 me
616 929 734 997 denique
745 946 836 998 coges.

160 1000 241 1054 Nunc
250 1000 334 1052 etiam
344 999 465 1066 pecudes
475 999 587 1050 umbras
598 1005 627 1050 et
637 997 743 1066 frigora
753 1007 881 1066 captaut;

160 1069 241 1122 Nunc
251 1068 353 1120 virides
363 1069 448 1121 etiam
459 1067 600 1122 occultant
609 1069 717 1134 spineta
728 1069 863 1132 lacertos;

122 1157 154 1192 ιο
160 1137 304 1206 Thestylis
314 1142 343 1189 et
352 1136 451 1204 rapido
462 1136 542 1190 fessis
551 1138 720 1189 messoribus
730 1145 811 1190 aestu

159 1208 233 1261 Allia
242 1206 452 1275 serpyllumque
461 1204 562 1260 herbas
573 1207 719 1258 contundit
729 1207 845 1267 olentes.

158 1281 195 1330 At
204 1291 312 1330 mecum
321 1277 486 1340 raucis,tua
496 1275 561 1327 dum
571 1277 689 1344 vestigia
698 1277 797 1340 lustro,
818 1330 821 1338 ,

159 1346 224 1400 Solo
234 1347 285 1398 sub
294 1345 404 1398 ardenti
414 1352 546 1399 resonant
556 1346 670 1397 arbusta
680 1347 791 1398 cicadis

142 1464 145 1471 ,
158 1417 256 1470 Nonne
269 1414 323 1468 fuit
332 1417 432 1478 satius,
442 1417 536 1468 tristes
544 1415 727 1482 Amaryllidis
737 1419 792 1468 iras

121 1488 248 1554 sbdtque
257 1485 377 1552 superba
387 1487 444 1552 pati
456 1483 587 1536 fastidiat
601 1500 692 1538 noune
702 1485 867 1538 Menalcan?

159 1556 290 1618 Quamvis
302 1554 351 1607 ille
361 1556 453 1623 niger,
464 1556 588 1621 quamvis
599 1559 630 1606 tu
640 1555 774 1607 candidus
785 1571 870 1609 esses.

159 1625 182 1677 Ο
193 1623 315 1677 formose
326 1638 409 1691 puer,
419 1625 534 1675 nimium
545 1636 579 1676 ne
590 1624 673 1677 crede
684 1624 784 1676 coloril

146 1693 228 1761 ¹Albo
237 1693 357 1760 ligustra
367 1693 483 1755 cadunt,
492 1695 617 1745 vaccinia
627 1695 706 1761 nigra
717 1695 858 1762 leguntur.

158 1762 315 1828 Despectus
325 1763 376 1812 tibi
386 1776 461 1823 sum,
476 1775 540 1822 uec,
555 1763 602 1828 qui
613 1764 678 1825 sim,
689 1764 813 1830 quaeris,
823 1764 917 1815 Alexi:

103 1842 151 1886 ἰο
160 1831 249 1893 Quam
260 1828 336 1881 dites
345 1832 454 1894 pecoris
464 1830 548 1892 nivei,
559 1845 640 1898 quam
651 1831 733 1883 lactis
744 1833 897 1888 abundaus

158 1898 238 1952 Mille
248 1911 327 1950 meae
337 1895 438 1949 Siculis
448 1900 582 1949 errantia
593 1902 733 1953 montibus
744 1916 839 1970 agnae.

157 1967 216 2019 Lac
225 1965 292 2020 mihi
304 1981 359 2018 non
369 1970 476 2019 aestate
487 1982 601 2031 norum,
612 1984 667 2021 nou
678 1969 783 2038 frigore
794 1970 871 2022 defit

158 2036 260 2098 Casto,
271 2050 342 2104 quae
352 2035 464 2100 solitus,
474 2037 497 2086 si
508 2038 619 2104 quaudo
631 2049 758 2091 armenta
766 2041 896 2100 vocabat,

157 2101 300 2172 Amphiorf
303 2104 440 2158 Dircaeus
450 2107 479 2157 in
489 2107 591 2158 Actaeo
602 2107 771 2174 Aracyntho.

116 2173 215 2234 rbNec
224 2189 284 2225 sum
296 2173 366 2226 adeo
377 2173 516 2226 informis:
531 2190 619 2242 nuper
629 2193 673 2230 me
684 2179 712 2228 in
722 2177 806 2231 litore
816 2179 882 2242 ridi,

158 2243 251 2306 Quum
261 2243 401 2310 placidum
411 2246 501 2297 ventis
512 2249 601 2297 staret
609 2261 696 2366 mpre.
715 2245 778 2300 Neu
789 2263 841 2315 ego

572 2315 635 2381 Dap
655 2318 703 2368 nin

157 2381 251 2434 ludica
261 2385 290 2434 te
300 2385 435 2445 metuam,
445 2383 471 2432 si
480 2397 622 2451 nunquam
633 2384 716 2437 fallat
724 2385 826 2453 imago.

158 2450 182 2502 0
193 2455 301 2502 tantum
312 2450 399 2504 libeat
408 2465 516 2504 mecum
526 2454 578 2504 tibi
587 2453 702 2506 sordida
711 2469 780 2508 rura

154 2521 247 2586 „ltpue
257 2518 375 2574 humiles
386 2519 512 2574 habitare
522 2536 614 2586 casas,
624 2528 653 2574 et
661 2524 749 2592 ligere
759 2538 866 2587 cervos,

97 2587 374 2661 &Haedorumque
384 2606 502 2662 gregem
509 2591 595 2645 uiridi
604 2593 771 2660 compellere
780 2592 901 2648 hibisco!

129 2650 255 2709 Mecum
268 2673 329 2714 una
339 2663 368 2716 iu
380 2663 464 2716 silvis
473 2661 718 2716 imitaberePaha
726 2661 862 2712 cauauho.

21 2786 24 2793 ,
119 2714 186 2770 PM
196 2729 322 2790 primus
333 2733 473 2792 calamos
484 2750 557 2792 cera
567 2727 856 2804 couiuagereplurss
