1882 3052
103 97 106 103 ’
187 134 242 188 ssa
328 132 382 186 ·r.
400 113 582 186 κηποι-ιιι
606 127 795 183 nunonis

121 226 128 239 ’
187 238 313 292 Adroeet
322 235 388 289 inde
398 251 497 287 manus
509 235 600 301 operi,
612 235 734 302 partitus
743 236 885 305 utrinqne:

147 324 179 377 25
188 308 284 362 Laeva
293 307 461 368 ministerio,
472 305 572 357 dextra
582 310 626 356 est
634 305 744 356 intenta
755 305 859 368 lahori3

188 379 269 431 llaec
278 382 355 428 rotat
364 374 483 427 assiduis
492 375 571 442 gyris
582 380 612 427 et
621 375 745 425 concitat
754 375 858 426 orbem.

189 450 286 500 Tunsa
297 446 381 498 Ceres
392 444 491 510 rapido
501 444 610 496 silicum
620 443 747 495 decurrit
756 444 792 495 ab
802 445 867 496 ictu.

111 530 119 567 r
187 516 333 569 Interdum
345 512 434 566 fessae
445 513 658 565 succcditlaera
667 515 773 576 sorori,

188 587 372 651 alternatque
382 584 464 634 vices.
482 582 568 634 Modo
579 584 685 635 rustica
695 584 822 634 carmina
832 587 924 642 cantat,

148 666 181 715 50
190 655 354 723 Agrestique
364 667 446 703 suum
456 651 564 703 solatur
573 665 641 703 voce
652 652 787 705 laborem.

189 719 876 789 interdumclamatcybalemeratunicacustos,

189 791 258 844 Afra
267 805 367 858 genus,
378 795 441 841 tota
450 792 569 857 patriam
579 794 703 843 testante
713 793 818 858 ligura,

190 863 280 913 Torta
289 875 405 922 comam,
415 859 551 927 labroque
561 864 717 923 tumense't
727 861 808 913 fusca
817 860 931 918 colorenc

190 930 307 982 Pectore
318 928 390 992 lata,
400 931 494 981 iacens
506 929 645 992 mammis,
657 933 843 998 compressior
853 929 917 989 alvo,

148 1013 163 1062 5
166 1014 181 1067 5
191 1000 326 1051 cruribus
337 999 430 1062 exilis,
441 1000 564 1067 spatiosa
574 999 692 1068 prodiga
702 1000 814 1067 planta3

98 1072 101 1076 ’
190 1069 335 1122 Continuis
345 1069 422 1119 rimis
433 1068 565 1121 calcanea
575 1069 662 1121 scissa
672 1071 811 1137 rigebant.

190 1140 271 1190 Hanc
280 1142 373 1200 vocet,
384 1143 469 1206 atque
479 1153 579 1190 arsuro
589 1137 659 1190 focis
669 1141 815 1208 imponere
825 1138 894 1206 ligna

190 1210 323 1274 Imperat,
335 1212 364 1258 et
373 1205 486 1258 {lanima
495 1207 603 1276 gelidos
614 1208 729 1262 adolere
740 1209 869 1278 liquores.

223 1277 375 1344 Postquam
384 1277 511 1343 implevit
520 1291 590 1343 opus
600 1279 704 1330 iustum
714 1277 846 1332 versatile
855 1279 931 1329 tinen:

147 1354 180 1409 40
189 1345 338 1399 Transfert
347 1346 412 1398 inde
423 1360 507 1396 manu
518 1343 595 1396 fusas
605 1348 635 1397 in
644 1348 737 1399 cribra
746 1347 851 1399 farinas

189 1418 226 1468 Et
236 1416 334 1485 quatit.
354 1416 546 1467 lit'remanent
555 1429 660 1470 summo
673 1421 840 1486 purgamina
854 1415 931 1472 dono

190 1483 315 1538 Subsidit
324 1486 434 1536 sincera
444 1483 681 1555 foraminibusque
691 1486 818 1554 liquatur

188 1554 347 1607 Emundata
359 1555 450 1606 Ceres.
470 1552 556 1605 Laevi
566 1559 627 1606 tum
637 1557 767 1622 protinus
776 1556 855 1608 illam

190 1625 339 1691 componit
350 1623 456 1686 tabula,
471 1628 501 1676 et
510 1625 620 1690 tepidas
631 1640 716 1691 super
725 1627 831 1694 ingerit
840 1623 922 1675 undas

147 1701 180 1752 45
191 1692 337 1745 Contrahit
347 1693 486 1745 admixtos
497 1708 570 1744 nunc
581 1693 672 1746 fontes
684 1701 769 1763 atque
781 1695 896 1756 ferinas3

189 1765 375 1815 Transversat
386 1762 486 1813 durata
496 1778 592 1827 manu,
603 1763 766 1832 liquidoque
777 1770 873 1816 coacto

188 1832 335 1884 Interdum
345 1847 459 1899 grumos
470 1834 576 1899 spargit
585 1833 651 1885 sale.
671 1834 787 1904 lamque
797 1836 927 1886 subactum

190 1903 297 1953 Laevat
308 1916 391 1968 opus,
402 1901 556 1970 palmisque
567 1917 647 1954 snum
658 1903 761 1956 dilatat
770 1906 799 1955 in
810 1905 910 1961 orbem,

188 1973 227 2022 Et
237 1975 329 2032 notat,
340 1972 482 2037 impressis
491 1986 581 2040 aequo
593 1972 752 2027 discrimine
764 1973 885 2043 quadris.

148 2048 181 2100 50
190 2039 280 2091 lnfert
288 2039 352 2090 inde
365 2037 442 2091 foco:
454 2041 560 2108 Cybele
570 2043 756 2096 mundaverat
766 2050 862 2111 aptum

189 2111 260 2161 Ante
271 2108 376 2159 locum:
388 2111 522 2176 testisque
533 2114 616 2179 tegit3
627 2128 712 2180 super
721 2117 841 2182 aggerat
849 2114 921 2180 ignes.

133 2226 136 2229 ,
191 2179 319 2246 Dumque
329 2192 393 2227 suas
404 2180 513 2246 peragit
523 2178 663 2233 Vulcanus
673 2188 803 2251 testaque
813 2189 909 2251 partes,

191 2247 314 2300 Simulus
323 2248 433 2298 interea
443 2264 531 2300 vacua
540 2265 596 2302 non
607 2258 697 2304 cessat
707 2254 736 2303 in
747 2252 831 2316 hora3

190 2316 293 2369 Verum
304 2316 386 2368 aliam
397 2318 450 2367 sibi
461 2320 571 2387 quaerit
581 2336 676 2388 opem3
686 2338 743 2374 neu
752 2323 814 2373 sola
824 2320 911 2389 palato

146 2396 179 2451 55
191 2385 233 2440 Sit
242 2401 299 2437 non
309 2391 390 2454 grata
401 2387 496 2450 Ceres,
508 2405 576 2457 quas
586 2392 697 2459 iungat,
707 2398 931 2459 comparatam

188 2457 252 2509 Non
262 2457 304 2507 illi
314 2472 448 2523 suspensa
458 2457 551 2510 focum
564 2464 693 2513 carnaria
701 2462 795 2525 iuxta,

188 2525 291 2578 Durati
301 2526 359 2579 sale
369 2535 450 2595 terga
459 2530 528 2592 suis,
539 2532 699 2600 truncique,
709 2534 862 2585 vacabant:

189 2597 338 2663 Traiectus
349 2598 469 2648 medium
480 2606 574 2665 sparto
585 2601 634 2653 sed
645 2617 742 2654 caseus
752 2604 864 2666 orbem,

188 2667 226 2720 Et
236 2672 315 2721 retus
326 2666 452 2721 adstricti
462 2667 544 2723 fascis
554 2671 694 2739 pendebat
703 2673 810 2727 anethi.
821 2745 829 2763 x
