1882 3052
115 187 504 252 immensorum.
639 198 687 255 ur

91 300 146 353 hra
155 303 215 352 viro
226 302 355 369 dignetur
366 303 480 368 iungere
491 302 579 366 oium

91 385 136 422 em
146 373 220 422 inter
231 371 352 433 seluxu,
364 387 446 438 quam
458 372 554 440 longa,
563 371 661 439 lovere

96 441 284 503 immemores,
295 442 423 507 turpique
433 442 560 507 cupidine
571 447 674 508 captos.
705 448 715 485 ἓ

91 525 114 560 m
124 509 178 561 dea
188 509 271 560 foeda
280 511 369 560 virum
380 509 510 561 diffundit
519 512 549 560 in
560 525 618 562 ora.
700 509 747 580 ¹9⁵

92 578 109 628 d
121 593 217 645 regern
227 593 323 629 oureus
335 579 484 647 detorquet
493 579 603 642 Iarban,
695 619 712 634 .

91 663 106 699 e
118 650 241 699 animum
252 648 345 710 dietis,
357 654 439 715 atque
450 654 566 716 aggerat
576 650 641 700 iras.

91 730 181 769 imone
191 721 282 780 satus,
292 721 377 835 raptq
384 717 583 772 Garamantide
593 717 679 786 Nym·

91 858 112 907 ri
123 863 232 909 centurn
243 857 307 909 latis
317 857 448 908 immania
457 858 560 925 regnis,

91 941 121 976 as
131 930 235 992 posuit;
248 928 413 994 vigilemque
424 927 687 994 sacraveratignem,
697 945 746 981 20⁰
814 949 817 955 ¹

95 997 168 1045 irum
179 1002 319 1059 aeternas,
330 994 521 1062 pecudumque
530 1010 630 1047 eruore

91 1079 147 1126 uni,
159 1071 187 1116 et
197 1067 280 1115 variis
292 1066 421 1116 florentia
432 1063 529 1115 limina
539 1067 628 1116 sertis.

92 1150 116 1183 rs
127 1134 209 1183 animi
215 1170 223 1196 ,
234 1140 263 1185 et
273 1148 385 1185 rumore
396 1148 527 1184 accensus
537 1147 642 1196 amaro,

92 1208 115 1252 te
126 1203 304 1266 oras‚media
314 1204 388 1253 inter
399 1203 512 1253 numina
523 1203 625 1265 dirum,

92 1286 123 1320 :m
134 1272 261 1322 manibus
271 1271 389 1337 supplex
400 1285 494 1323 orasse
505 1273 625 1336 supinisr
688 1255 747 1326 ‘205

93 1341 237 1405 nipotens,
248 1342 292 1390 oui
304 1356 377 1390 nunc
387 1341 533 1391 Maurusia
543 1341 626 1405 pictis

92 1415 130 1459 rta
139 1411 208 1460 toris
219 1409 360 1460 Lenaeum
372 1409 442 1460 libat
451 1407 595 1470 honorem,

92 1477 151 1529 ieci
166 1479 207 1530 hn
217 1483 259 1540 te,
269 1479 393 1545 genitor,
406 1493 491 1545 quum
502 1476 621 1527 fulmina

341 1553 465 1614 torquem
610 1554 612 1559 '

92 1631 121 1666 ,m
132 1614 289 1677 horremus,
300 1617 430 1683 caedique
441 1618 469 1666 in
481 1615 688 1688 nubibusqignea

92 1703 95 1734 :
105 1687 226 1747 animos,
235 1693 264 1737 et
274 1687 367 1736 inania
377 1700 521 1736 murmura
531 1683 666 1735 miscenti
696 1694 748 1732 210

92 1769 138 1807 rae
149 1757 252 1806 nostris
264 1770 359 1805 errans
369 1756 398 1804 in
408 1755 508 1805 linibus
519 1754 618 1805 urbem

93 1826 165 1875 retio
176 1826 283 1890 posuit,
295 1825 339 1874 cui
349 1823 415 1875 litus
426 1823 571 1885 arandum,

92 1896 100 1943 i
113 1893 189 1961 leges
200 1894 339 1955 dedimus,
350 1893 487 1943 connubia
497 1897 594 1944 nostra
618 1888 624 1900 '

92 1979 98 2013 ε
109 1963 250 2013 dominum
262 1965 373 2015 Aenean
384 1964 411 2011 in
423 1976 510 2028 regna
520 1962 633 2028 recepit.

92 2047 108 2083 e
119 2030 211 2094 Paris,
221 2047 283 2082 curn
295 2032 422 2082 semliiro
435 2032 577 2091 comitatu,
697 2026 747 2078 215
761 2044 770 2053 ·

92 2106 194 2151 rentum
204 2103 289 2151 mitra
300 2102 457 2167 crinemque
468 2100 626 2151 madentem
666 2103 668 2108 '

92 2175 172 2236 rapto
184 2172 303 2235 potitur:
320 2184 370 2219 nos
382 2183 498 2220 munera
508 2167 620 2233 templis

93 2254 104 2287 s
116 2238 244 2301 ferimus,
255 2238 411 2305 famamque
423 2236 548 2289 fovemus
558 2239 678 2287 inanem.

93 2313 218 2359 orantem
231 2309 325 2368 dictis,
336 2321 454 2373 arasque
466 2311 618 2366 tenentem,

93 2379 222 2443 ripotens,
233 2376 385 2443 oculosque
397 2376 433 2426 ad
443 2376 555 2427 moenia
564 2376 648 2424 torsit
698 2390 747 2427 220

93 2446 180 2498 *blitos
191 2446 282 2497 famae
292 2447 415 2496 melioris
426 2451 561 2494 amantes.

93 2517 237 2568 [ercurium
249 2515 415 2581 alloquitur,
426 2528 459 2564 ac
469 2512 539 2563 talia
548 2509 677 2561 mandat=

96 2597 175 2647 nate,
186 2600 255 2636 voca
266 2584 419 2651 Zephyros,
431 2588 460 2633 et
470 2581 565 2632 labere
576 2579 687 2646 pennisr

93 2671 101 2706 ι
120 2670 156 2707 ue
166 2655 273 2716 ducem,
284 2655 373 2720 Tyria
379 2648 546 2716 Carthagine
558 2649 604 2715 qui
616 2662 688 2699 nunc

102 2671 226 2793 latisque
237 2723 317 2776 datas
327 2735 382 2776 non
394 2719 508 2789 respicit
517 2717 612 2782 urbes,
698 2719 749 2771 aas

770 2800 811 2880 ‘i

759 2844 769 2861 Μ
