1882 3052
62 175 66 180 .
138 129 191 184 20⁶
294 128 326 182 P.
343 127 526 182 varaia-11
549 123 783 186 Mauould'

138 232 258 283 Labitur
267 237 351 283 uncta
360 232 437 283 vadis
447 233 539 296 abies3
552 232 689 284 mirantur
700 233 731 281 et
740 227 839 290 undae,

138 301 262 352 Miratur
272 316 369 353 nemus
378 303 518 352 insuetum
530 300 666 368 fulgentia
674 299 759 366 longe

140 369 227 422 Scuta
236 372 339 432 virum,
349 369 433 421 ilario
445 372 587 436 pictasque
597 371 694 419 innare
706 369 824 419 carinae

140 438 197 489 Olli
207 441 324 506 remigio
334 443 498 505 noctemque
510 438 637 506 diemque
648 436 777 502 fatigant,

98 514 131 581 95
140 508 177 558 Et
187 508 286 574 longos
295 513 428 574 superant
438 507 539 569 flexus,
551 507 687 572 variisque
696 509 834 571 teguntur
862 555 869 560 ,

140 573 877 644 Arboribus,viridesquesecantplacidoaequoresilrar

141 643 192 697 Sol
200 644 320 707 medium
333 646 404 697 coeli
415 645 613 697 conscenderat
622 644 722 710 igneus
732 642 837 704 orbem,

140 713 233 774 Quum
243 728 339 766 muros
349 729 496 782 arcemque
507 711 648 779 proculae
658 725 725 762 rara
735 710 877 762 domorum

140 784 228 833 Tecta
237 783 341 844 vident,
353 799 424 850 quae
434 798 507 833 nunc
517 784 643 833 Romana
652 781 782 846 potentia
791 781 867 832 coela

83 869 130 908 noo
139 850 287 916 Aeqnavit3
302 856 362 902 tunr
371 867 416 904 res
426 854 523 918 inopes
532 850 677 901 Evandrus
688 846 819 901 habebat.
875 871 877 874 ·

140 918 224 970 Ocius
235 920 384 972 advertunt
395 935 507 986 proras,
517 920 634 987 urbique
645 919 853 986 propinquare.

174 987 260 1040 Forte
271 989 315 1041 die
324 990 477 1041 solemnem
486 988 537 1039 illo
545 1003 598 1040 rex
607 989 693 1039 Arcas
704 986 841 1040 honorem

139 1055 404 1123 Amphitryoniadae
415 1071 516 1123 magno
528 1057 653 1123 divisque
663 1054 778 1108 ferebat

140 1125 211 1174 Ante
221 1125 316 1176 urbem
328 1126 357 1173 in
367 1124 439 1175 luco.
459 1125 555 1177 Pallas
566 1123 631 1176 huic
641 1125 717 1175 iilius
727 1139 795 1188 una,

56 1225 60 1232 ·
84 1191 131 1240 105
141 1190 204 1243 Vna
214 1205 309 1243 omnes
318 1194 449 1242 iuvenum
459 1194 726 1260 primi‚pauperque
736 1198 853 1255 senatres,

139 1262 217 1312 Tura
228 1260 343 1321 dabant,
352 1261 517 1329 tepidusque
529 1276 612 1314 cruor
622 1262 753 1314 fumabat
760 1263 797 1315 ad
804 1276 870 1316 aras.

140 1329 182 1380 Vt
190 1329 280 1380 celsas
289 1331 385 1381 videre
396 1335 484 1392 rates,
494 1335 578 1398 atque
589 1332 663 1382 inter
670 1345 796 1397 opacum

139 1397 230 1449 Allnbi
241 1413 350 1461 nemus,
362 1404 391 1450 et
399 1401 492 1450 tacitis
502 1400 661 1451 incumbere
671 1402 772 1452 remia:

140 1467 297 1519 Torrentur
307 1469 369 1518 visu
378 1470 482 1529 subito,
493 1469 641 1535 cunctique
650 1469 759 1520 relictis

84 1536 319 1603 rroconsnrgnnt
328 1539 438 1588 mensis.
457 1537 555 1588 Audax
565 1551 635 1604 quos
645 1553 780 1604 rumpere
790 1538 877 1590 Pallas

140 1602 227 1657 Sacra
237 1610 325 1668 vetat,
335 1612 472 1673 raptoque
482 1606 558 1657 volat
567 1606 624 1658 telo
635 1607 732 1658 obvius
743 1609 819 1674 ipse;

139 1674 177 1724 Et
187 1673 287 1738 procul
297 1689 311 1724 e
322 1675 442 1725 tumulo:
457 1676 585 1738 iuvenes,
601 1691 671 1742 quae
683 1691 786 1727 caussa
795 1677 877 1743 subcg

138 1742 252 1807 Ignotae
263 1748 375 1794 tentare
387 1742 462 1794 vias?
476 1759 532 1811 quo
542 1743 673 1796 tenditist
687 1747 789 1812 inquit

140 1810 194 1871 Qui
205 1810 308 1876 genusi
323 1812 397 1864 unde
408 1811 508 1864 domei
521 1829 654 1915 pacemnp
665 1813 719 1866 huc
729 1814 828 1878 fertis,
838 1829 873 1865 an

558 1897 649 1935 arma.

83 1947 130 1997 115
142 1945 213 1994 Turn
224 1951 305 2010 pater
314 1948 421 2000 Aeneas
432 1952 519 2015 puppi
530 1953 569 2003 sic
580 1951 655 2002 fatur
666 1951 701 2002 ab
712 1950 783 2015 alta,

140 2011 222 2062 Pacis
220 2028 338 2081 araeque
349 2032 433 2068 manu
442 2034 550 2070 ramum
561 2020 721 2087 praetendit
732 2021 840 2074 olivae:
871 2043 875 2048 ·

139 2081 313 2146 Troiugenas
324 2099 356 2134 ac
368 2085 423 2135 tela
433 2087 510 2138 vides
520 2090 631 2140 inimica
641 2088 767 2154 Latinis3

140 2148 216 2209 Quos
225 2149 267 2207 ilii
278 2150 352 2203 bello
363 2153 496 2220 profugos
507 2173 590 2224 egere
600 2158 729 2223 superbo.

138 2217 298 2268 Evandrum
308 2223 436 2285 petimus.
456 2224 540 2277 Ferte
551 2225 619 2279 haec
628 2232 657 2278 et
667 2227 769 2290 dicite,
780 2229 870 2281 lectos

81 2305 129 2341 120
137 2285 297 2341 Dardaniae
308 2292 415 2343 venisse
425 2293 522 2358 duces,
533 2298 610 2347 socia
620 2310 699 2347 arma
708 2290 855 2364 rogantes.

138 2355 289 2422 Obstupuit
299 2363 378 2410 tanto
389 2375 535 2426 percussus
545 2367 656 2416 nomine
667 2364 778 2418 Pallas:

137 2425 279 2492 Egredere
289 2441 314 2490 o,
325 2430 483 2496 quicunque
494 2447 532 2494 es,
539 2435 585 2496 ait,
592 2448 742 2502 coramque
755 2443 877 2502 parente

137 2495 301 2561 nunquam,
315 2513 348 2548 ac
358 2503 460 2550 nostris
471 2503 588 2555 succede
600 2504 748 2569 penatibus
760 2503 877 2572 hospes!

137 2563 309 2633 Excepitque
319 2582 411 2630 manu,
421 2569 602 2639 dextramque
613 2571 762 2638 amplexus
772 2574 877 2628 inhaesi

81 2633 128 2686 125
137 2630 281 2701 Progressi
292 2637 499 2706 subeuntium,
511 2639 678 2710 fluviumque
689 2641 869 2712 relinquunt.
