1882 3052
116 119 332 185 Aruernos
355 95 530 186 mauu.⁵
589 158 595 173 ·
641 132 702 205 aar

260 205 266 227 i

93 236 163 287 meri
173 240 202 287 et
211 237 334 303 graviter
342 237 508 303 spirantibus
518 236 614 305 hydris
670 238 677 255 ¹

93 307 132 372 pui
141 319 252 355 somnos
262 311 400 373 cantuque
412 321 549 374 manuque
559 307 676 370 solebat,

93 389 134 440 ¹ue
144 375 212 436 iras,
225 380 254 425 et
264 389 371 426 morsus
381 381 442 427 arte
452 376 571 428 levabat.
620 412 623 417 .
702 372 753 438 755

95 444 229 496 ardeniae
240 444 371 496 medicari
380 446 503 510 cuspidis
512 448 598 498 ictum

94 527 167 579 eque
177 518 241 564 'eum
253 514 346 566 iuvere
356 515 385 567 in
393 514 509 566 vulnera
519 521 617 566 cantus

93 618 98 639 ,
109 587 139 632 et
148 581 250 633 Marsis
260 584 402 650 quaesitae
413 585 552 635 montibus
562 582 671 634 herbae.

93 652 256 718 Angustiae,
266 652 353 703 vitrea
364 657 393 704 te
400 652 523 704 Fucinus
533 653 616 715 unda,

93 719 293 772 fleverelacus.
706 717 755 785 7⁶⁰

93 789 295 856 »polyt'rproles
305 787 492 856 pulcherrima
500 789 575 841 bello

93 861 204 925 [signem
216 873 296 926 quem
308 863 398 910 mater
406 860 498 910 Aricia
507 860 589 920 misit,

93 928 205 994 Egeriae
215 927 299 990 lueis,
310 927 458 978 humentia·
463 928 566 978 circum

93 997 168 1063 rguis
178 997 224 1048 ubi
235 1001 263 1048 et
273 996 417 1062 placabilis
428 1011 477 1047 ara
488 995 605 1045 Dianae.

92 1070 171 1118 erunt
179 1063 255 1118 faura
263 1065 461 1132 Hippolytum,
471 1070 616 1131 postquam
627 1068 687 1113 arte
707 1059 755 1113 ³65

352 1148 487 1186 novercae
661 1160 667 1167 ·

100 1205 261 1270 patriasque
271 1202 391 1269 explerit
400 1205 535 1270 sanguine
545 1215 649 1268 poenas

92 1274 230 1324 listractus
241 1273 330 1340 equis,
341 1272 376 1323 ad
386 1273 479 1324 sidera
487 1270 583 1322 rursus

92 1347 232 1408 tsuperas
243 1341 315 1392 coeli
324 1341 433 1393 venisse
443 1342 494 1392 sub
506 1355 596 1395 auras.

92 1415 234 1464 evocatum
245 1408 338 1462 herbis
349 1414 377 1461 et
389 1424 483 1461 amore
493 1410 609 1476 Dianae.
699 1412 704 1422 ⁴

91 1482 303 1546 romnipotens,
314 1479 434 1547 aliquem
445 1479 603 1546 indignatus
613 1475 647 1525 ab
708 1493 756 1534 77⁰

352 1549 457 1599 umbris

96 1617 212 1684 infernis
222 1617 258 1669 ad
267 1617 373 1667 lumina
383 1631 495 1683 surgere
508 1616 588 1676 vitae,

92 1694 180 1739 torem
189 1687 343 1738 medicinae
354 1685 419 1735 talis
429 1690 458 1735 et
467 1685 537 1735 artis

92 1757 278 1824 'hoebigenam
288 1754 402 1820 Stygiae
413 1753 531 1805 detrusit
540 1753 568 1801 in
579 1749 674 1801 undas.

91 1826 271 1893 Hippolytum
282 1825 397 1874 seeretis
407 1823 482 1873 alnra
491 1820 616 1873 recondit

92 1892 257 1963 tnymphae
267 1893 385 1960 Egeriae
395 1892 556 1957 nemorique
566 1889 685 1955 releget:
705 1880 754 1946 775
804 1894 808 1907 ·

93 1965 199 2016 nsilvis
208 1963 286 2015 Italis
295 1960 423 2029 ignobilis
433 1975 530 2010 aevum
784 1986 789 1997 ι

91 2048 226 2101 versoque
236 2032 283 2082 ubi
293 2032 403 2083 nomine
412 2028 524 2080 Virbius
533 2033 613 2078 esset.

91 2121 110 2155 n
121 2102 227 2167 templo
238 2102 349 2153 Triviae
360 2098 485 2166 lucisque
495 2099 611 2148 sacratis

93 2189 106 2224 s
117 2176 249 2224 areentur
258 2170 334 2238 equi3
349 2168 423 2236 quod
433 2168 516 2218 litore
527 2180 638 2217 currum

91 2259 110 2294 n
121 2242 253 2293 monstris
263 2238 355 2306 paridi
365 2235 488 2289 effudere
498 2236 620 2289 marinis.
706 2233 755 2293 780

91 2317 165 2364 entes
176 2309 250 2361 haud
261 2309 351 2360 secius
361 2320 482 2374 aequore
493 2306 583 2370 campi

103 2394 203 2448 equos,
213 2393 352 2444 curruque
363 2377 390 2425 in
401 2375 476 2427 bella
484 2374 590 2424 ruebat.

91 2466 118 2501 er
128 2452 233 2516 primos
244 2447 394 2517 praestanti
406 2458 520 2509 corpore
532 2444 643 2492 Turnus

91 2533 154 2570 rma
162 2523 273 2578 tenens,
285 2522 313 2568 et
322 2520 382 2565 toto
394 2515 497 2564 vertice
509 2523 592 2574 supra
602 2511 657 2559 est:

91 2592 107 2641 :i
117 2588 217 2639 crinita
227 2586 293 2641 iuba
303 2583 383 2650 galea
392 2580 450 2630 alta
462 2579 633 2628 Chimaeram
705 2577 755 2639 785

91 2662 224 2711 aetnaeos
236 2653 375 2707 efflantem
385 2647 511 2699 faucibus
522 2647 599 2711 ignes
605 2659 613 2701 ;
