1882 3052
227 154 476 216 GEORGICON
498 162 577 217 [ΑΒ.
595 165 651 221 ΙΙΙ.
788 167 823 223 ⁷5

60 267 112 331 lieu
123 266 214 320 dorso
224 266 349 318 nemoris
359 265 446 318 libeat
454 265 574 320 iacuisse
585 283 635 335 per
644 267 756 322 herbas:

59 339 144 400 Quum
155 337 262 405 positis
272 350 361 387 novus
372 338 476 388 exuviis
486 338 647 404 nitidusque
657 338 771 391 iuventa

59 407 199 470 Volvitur,
208 409 261 456 aut
273 405 383 457 catulos
392 407 475 458 tectis
486 411 536 457 aut
545 420 598 458 ova
608 406 779 474 relinquens,

58 477 164 527 Arduus
177 475 214 526 ad
225 475 316 527 solem
328 478 358 526 et
367 474 468 542 linguis
478 477 563 527 micat
573 489 622 526 ore
634 475 767 528 trisulcis.

85 545 258 596 Morborum
269 558 380 611 quoque
391 548 420 596 te
432 559 543 595 caussas
554 549 582 596 et
591 547 672 611 signa
682 544 797 597 docebo.
829 543 879 597 440

58 614 158 681 Turpis
169 628 238 665 oves
249 617 343 665 tentat
353 611 529 676 scabies,ubi
541 612 659 681 frigidus
669 614 759 667 imber

56 679 141 733 illius
154 682 192 732 ad
202 683 297 732 vivum
308 682 431 748 persedit
438 687 469 733 et
479 680 594 734 horrida
604 697 673 734 cano

57 751 160 802 Bruma
168 751 253 818 gelu3
267 751 313 802 vel
324 767 409 818 quum
418 751 508 802 tonsis
517 751 613 802 illotus
624 750 753 804 adhaesit

55 818 158 882 Sudor,
169 824 200 871 et
211 818 313 870 hirsuti
324 825 474 872 secuerunt
484 835 602 887 corpora
611 836 720 887 vepres.

56 889 191 941 Dulcibus
202 888 308 939 idcirco
319 887 410 940 fluviis
420 904 504 956 pecus
516 904 597 941 omne
608 890 735 956 magistri
827 884 878 938 445

55 957 248 1018 Perfundunt,
258 956 376 1022 udisque
387 961 460 1007 aries
470 959 499 1008 in
509 959 620 1024 gurgite
629 958 705 1008 villis

54 1027 213 1088 llersatur,
224 1026 379 1091 missusque
389 1023 511 1074 secundo
523 1025 622 1075 defluit
632 1027 722 1090 amni;

54 1097 102 1146 lut
113 1101 235 1146 tonsum
245 1093 321 1142 tristi
332 1093 499 1158 contingunt
508 1107 609 1158 corpus
621 1096 743 1159 amurca,

53 1165 84 1214 Et
93 1177 215 1231 spumas
225 1163 345 1212 miscent
355 1161 477 1228 argenti,
486 1161 602 1228 vivaque
614 1161 734 1227 sulfura,

53 1233 188 1300 ldeasque
198 1226 329 1297 pices‚et
338 1230 455 1296 pingues
464 1230 587 1295 unguine
598 1244 686 1294 ceras,
826 1231 876 1283 450

53 1301 239 1368 scillamque,
249 1299 442 1366 elleborosque
452 1312 565 1366 graves,
575 1300 741 1368 nigrumque
751 1300 791 1352 bi·

471 1373 577 1420 tumen

53 1437 111 1491 Non
120 1443 222 1490 tamen
232 1436 294 1488 ulla
303 1437 392 1504 magis
402 1449 534 1501 praesens
545 1434 659 1490 fortuna
668 1435 797 1490 laborum

472 1509 525 1566 est,

54 1576 143 1637 Quam
153 1575 181 1626 si
193 1576 257 1643 quis
268 1573 345 1625 ferro
355 1574 446 1639 potuit
456 1573 615 1626 rescindere
626 1589 764 1627 summum

54 1645 160 1697 Vlcerls
172 1658 214 1695 os.
236 1643 329 1694 Alitur
338 1644 450 1704 vitium,
460 1643 583 1710 vivitque
594 1645 729 1711 tegendo:

56 1713 124 1765 Dum
134 1712 264 1765 medicas
276 1711 406 1763 adhibere
417 1725 515 1763 manus
526 1712 561 1762 ad
570 1711 687 1765 vulnera
696 1718 792 1779 pastor
826 1711 876 1766 455

55 1783 193 1850 Abnegat,
204 1785 256 1831 aut
266 1780 384 1832 meliora
395 1779 463 1831 deos
473 1780 552 1833 sedet
562 1782 655 1832 omina
664 1796 790 1849 poscens.

56 1852 125 1913 Quin
136 1852 241 1912 etiam,
250 1851 308 1900 ima
317 1848 396 1899 dolor
406 1848 550 1899 balantum
560 1850 657 1916 lapsus
667 1851 703 1903 ad
714 1866 779 1902 ossa

55 1922 144 1982 Quum
156 1919 244 1982 furit,
254 1922 338 1986 atque
349 1920 426 1967 artus
437 1916 596 1984 depascitur
605 1920 686 1971 arida
696 1920 791 1982 febris,

54 1988 166 2042 Profuit
175 1989 307 2040 incensos
318 1989 411 2037 aestus
422 1991 562 2049 avertere,
572 1993 601 2040 et
610 1990 685 2040 inter

53 2060 110 2110 lma
121 2058 213 2111 ferire
222 2057 301 2122 pedis
313 2055 459 2106 salientem
470 2059 605 2124 sanguine
615 2073 728 2109 venam:
826 2059 877 2111 460

54 2127 180 2178 Bisaltae
192 2140 249 2192 quo
260 2139 338 2175 more
350 2124 450 2185 solent,
460 2139 580 2194 acerque
591 2127 725 2190 Gelonus,

54 2197 146 2260 Quum
156 2192 421 2262 fugitinRhodopen
431 2199 514 2260 atque
521 2197 548 2244 in
555 2196 818 2258 desertaGetarum,

53 2265 87 2318 Et
94 2265 143 2318 lac
154 2267 319 2317 concretum
329 2278 392 2313 curn
402 2264 537 2330 sanguine
548 2268 627 2330 potat
638 2266 747 2331 equino.

55 2335 144 2397 Quam
156 2333 256 2400 procul
266 2336 315 2385 aut
325 2330 403 2384 molli
414 2332 563 2385 succedere
573 2334 685 2399 saepius
700 2335 817 2384 umbrae

54 2403 178 2467 Videris,
190 2406 240 2453 aut
250 2416 373 2452 summas
385 2406 545 2466 carpentem
557 2403 684 2470 ignavius
694 2402 803 2463 herbas,
826 2400 876 2454 465

55 2472 368 2541 Extremamquesequi‚
379 2470 524 2522 autmedio
531 2470 713 2538 procumbere
719 2485 816 2539 campo

54 2540 234 2605 Pascentem,
246 2544 364 2592 etseras
374 2538 462 2590 solam
473 2539 608 2593 decedere
618 2542 706 2592 nocti:

57 2612 195 2664 Continuo
205 2610 319 2677 culpam
329 2609 405 2662 ferro
417 2624 573 2676 compesce,
582 2611 659 2675 prius
671 2624 755 2676 quam

57 2679 126 2735 Dirc
136 2696 188 2748 per
198 2681 344 2732 incautum
354 2683 468 2746 serpant
478 2682 606 2747 contagia
616 2676 724 2744 vulgus.
