1882 3052
617 67 620 71 ·
842 39 850 101 i

147 147 198 204 386
306 149 336 204 Ρ.
355 148 542 203 VIRGlLil
562 147 754 204 Mauortis

59 254 65 265 ⁸
147 254 283 307 Laurenti
293 251 793 320 diro,etvetassuspendererestes:

89 343 138 395 770
147 325 203 377 Sed
212 325 326 390 stirpem
337 324 438 374 Teucri
449 322 526 373 nullo
538 322 697 373 discrimine
707 337 814 372 sacrum

149 393 338 454 sustulerant,
348 405 419 459 pure
430 397 465 441 ut
472 396 586 457 possent
596 405 764 442 concurrere
774 405 848 457 camp

148 463 203 515 ilic
214 460 295 512 besta
303 464 412 514 Aeneae
422 460 529 523 stabat3
539 458 595 510 hue
604 460 726 525 impetus
737 458 813 511 iliam

148 531 310 593 Detulcrat,
321 531 405 580 fixam
416 533 445 581 et
455 529 570 580 lentain
580 527 675 579 radice
685 529 807 580 tenebat

147 600 289 660 incubuit,
300 598 444 664 voluitque
454 612 536 648 manu
548 597 706 649 convellere
721 596 823 648 ferrum

91 666 138 735 725
148 666 324 719 Dardanides
333 702 342 728 ,
351 665 465 733 teloque
475 667 553 736 sequi
563 702 570 730 ,
582 680 664 733 quem
675 667 811 732 prendere
821 680 850 716 cn

147 735 210 788 Non
220 739 339 801 peterat
359 735 433 784 Tum
442 748 509 786 rere
519 748 615 786 emens
626 733 776 786 formidine
786 737 850 786 'inm

146 804 256 868 Fanne,
265 816 378 870 precor,
388 804 536 868 miserere,
545 805 649 922 iqquit3
663 798 752 872 tuque
762 805 850 870 optinu

572 887 667 924 errum

145 943 237 994 Terra
245 945 324 994 tener
347 943 423 996 colui
432 944 540 993 vestros
550 942 573 991 si
584 956 694 1008 semper
705 939 838 1005 hencres,

144 1010 223 1071 Quos
234 1016 333 1063 centra
342 1011 487 1064 Aeneadae
497 1007 571 1063 bello
582 1010 674 1062 iecere
683 1010 825 1077 profanes.

87 1079 137 1146 780
144 1078 239 1143 Dixit,
250 1094 331 1146 opem
351 1094 386 1130 ue
397 1079 442 1130 dei
453 1093 510 1129 nun
520 1081 637 1130 cassain
647 1083 837 1132 vota-vocarit.

144 1147 271 1217 Namque
282 1095 462 1209 diuluctans,
473 1147 606 1215 lenteque
616 1150 644 1199 in
655 1151 745 1215 stirpe
755 1153 850 1199 morati

54 984 62 1019 i

144 1217 257 1269 Viribus
267 1214 343 1267 hand
353 1216 418 1267 ullis
427 1217 517 1268 valuit
526 1216 682 1270 discludere
691 1232 802 1268 morsus

145 1287 388 1338 RoborisAeneas.
408 1285 487 1337 Dum*
495 1286 594 1337 nititur
604 1301 681 1349 acer,
693 1287 833 1336 etinstate.

145 1356 253 1407 Rursus
263 1355 292 1405 iu
303 1357 418 1422 aurigae
430 1353 528 1407 facicm
539 1359 648 1405 mutata
657 1354 771 1405 Metisci

87 1424 137 1494 785
146 1425 304 1487 Procurrit,
319 1423 456 1490 fratrique
466 1439 559 1475 ensem
570 1422 622 1474 dea
633 1422 752 1473 Daunia
757 1423 850 1475 reddit

146 1494 229 1555 Quod
238 1493 334 1546 Venus
345 1492 442 1543 audaci
454 1490 601 1558 Nymphae
609 1492 758 1560 indignata
768 1492 850 1551 licere

144 1563 281 1624 Accessit,
292 1560 434 1629 telumque
445 1560 547 1612 altaab
558 1560 653 1613 radice
663 1562 786 1614 revellit.

145 1632 203 1684 Olli
212 1630 358 1693 sublimes,
367 1631 452 1685 armis
462 1630 741 1696 animisqueicfecti,

143 1702 198 1752 llic
207 1700 302 1769 gladio
312 1700 413 1762 tideus,
424 1697 469 1748 hic
479 1713 543 1750 acer
553 1704 582 1750 ct
592 1699 697 1750 arduus
708 1699 801 1763 hasta,

10 1828 13 1833 Ι
85 1781 136 1834 79⁰
143 1770 290 1822 Adsistnnt
299 1774 398 1820 contra
408 1769 558 1820 certamine
568 1768 669 1818 Martis
680 1769 784 1822 anheli.

177 1839 312 1889 iunonem
322 1840 430 1890 interea
441 1837 500 1889 Rex
510 1837 712 1903 omnipotentis
723 1839 833 1906 Olympi

143 1907 316 1974 Alloquitur,
327 1907 404 1957 ibive
415 1921 521 1973 pugnas
530 1906 565 1956 de
575 1907 648 1957 nube
658 1912 800 1960 tuentem:

143 1977 222 2037 Quae
231 1977 286 2025 iam
297 1976 359 2026 linis
371 1979 432 2041 erit,
444 1973 581 2026 coniunxi
592 1975 659 2042 quid
670 1976 792 2045 denique
803 1979 850 2028 rest

141 2043 296 2110 Indigetem
306 2048 418 2096 Aenean
429 2046 482 2095 scis
493 2045 565 2110 ipsa,
577 2050 605 2095 et
615 2046 687 2096 seire
699 2045 810 2109 fateris,

85 2109 133 2178 795
142 2111 247 2163 Deberi
256 2112 348 2174 coele,
360 2112 479 2180 fatisque
491 2113 526 2164 ad
537 2114 630 2164 sidera
640 2113 714 2166 tolli.

142 2181 216 2242 Quid
221 2178 323 2230 struisi
332 2188 382 2230 aut
392 2197 448 2248 qua
457 2197 506 2248 spe
516 2182 615 2248 gelidis
624 2183 653 2232 in
664 2183 850 2236 nubibushacr

143 2248 284 2302 Mortalin'
296 2248 390 2300 decuit
399 2250 499 2300 violari
509 2251 624 2304 vulnere
636 2253 748 2304 divumi

140 2325 197 2374 Aut
207 2333 299 2371 ensem
309 2318 386 2385 (quid
397 2320 469 2370 enim
480 2321 539 2371 sine
549 2325 578 2371 tc
588 2322 706 2374 Iuturna
716 2321 850 2383 valereti]

141 2392 275 2457 Ereptum
286 2388 365 2441 reddi
376 2389 485 2450 Turno,
496 2391 589 2440 etvini
600 2405 726 2444 crescere
736 2392 835 2444 tietisi

82 2457 133 2512 800
141 2460 245 2512 Desine
256 2459 311 2509 iam
322 2458 434 2510 tandem
445 2459 628 2526 precibusque
639 2459 850 2514 inflecterenost

142 2529 239 2581 Necte
249 2533 344 2579 tantus
356 2528 422 2579 edat
430 2530 544 2579 tacitam
555 2528 649 2592 dolum
661 2530 771 2582 etmihi
783 2546 848 2583 cura

141 2598 231 2665 Saepe
242 2603 290 2648 tuo
302 2597 375 2649 dulci
388 2600 482 2649 tristes
494 2612 529 2649 ex
540 2613 588 2649 ore
599 2605 756 2651 recursent.

140 2667 263 2721 Ventum
274 2667 309 2719 ad
319 2682 477 2735 supremum
485 2672 533 2720 est.
539 2668 635 2722 Terris
641 2670 761 2736 agitare,
766 2671 811 2724 rel
816 2686 850 2722 un

305 2835 316 2856 ³
407 2846 416 2873 s
