1882 3052
223 125 275 182 aas
328 125 359 204 r.
378 114 486 179 vnis.
506 125 602 178 mna.
620 122 710 180 nnn.
731 122 812 176 niu.
831 121 883 177 vt
898 78 915 185 ζΙ

223 234 287 286 llau
298 234 387 299 pietas
394 269 402 295 ‚
410 229 466 283 heu
476 231 568 297 prisca
577 231 659 295 fides,
670 231 830 297 invictaque
840 226 930 281 bella*

164 299 361 355 stupentem!
376 316 432 352 non
442 301 484 352 illi
494 317 525 352 se
534 303 680 371 quisquam
689 301 801 366 impune
811 296 929 365 mlissei

224 373 328 426 Obvius
338 375 460 432 armato,
471 385 521 422 seu
532 386 616 436 quum
627 369 711 436 pedes
720 370 776 419 iret
785 369 817 418 in
827 365 933 420 hostem

225 441 281 494 Seu
289 441 442 509 spumantis
452 440 516 506 equi
529 439 640 492 foderet
651 437 807 489 calcaribus
816 451 919 487 armos.

224 511 301 572 Heu,
311 508 468 562 miserande
478 507 558 575 puer!
574 510 598 559 si
610 523 665 575 qua
674 506 732 560 sata
742 520 846 572 aspera
855 520 933 572 rump

224 581 269 631 Tu
278 578 432 630 Marcellus
444 579 507 630 cris.
529 578 658 628 Manibus
668 575 807 627 datalilia
816 575 933 642 plenisa*

167 645 215 699 885
224 647 383 714 Purpureos
393 661 522 714 spargam
531 645 627 710 hores,
637 648 814 714 animamque
825 645 933 710 nepotis

225 718 278 768 His
289 717 387 768 saltem
398 716 571 768 accumulem
581 717 674 778 donis,
684 719 712 766 et
723 713 827 780 hingar
835 714 911 764 inani

224 786 349 837 Munere.
370 784 417 837 Sic
427 790 489 837 tota
499 787 599 851 passim
612 786 726 852 regione
735 788 875 850 vagantur

225 855 302 904 heris
311 855 340 905 in
351 857 456 921 campis
467 854 545 917 latis,
557 861 640 923 atque
652 854 746 905 omnia
756 852 888 902 lustrant.

201 952 211 961 ·
225 923 303 984 Quae
313 933 460 990 postquam
466 923 598 976 Anchises
609 927 705 975 natum
716 936 765 988 per
776 921 889 988 singula
899 920 933 971 du

165 993 216 1058 890
224 992 404 1061 lucenditque
415 993 639 1045 animum-famae
649 991 786 1043 venientis
798 1005 905 1042 amore:

223 1062 296 1112 Exin
306 1061 381 1114 bella
390 1063 450 1112 viro
461 1067 611 1124 memorat,
623 1076 694 1131 quae
704 1058 806 1111 deinde
816 1058 933 1127 gerenda

223 1130 434 1196 Laurentesque
445 1129 527 1182 docet
538 1130 670 1197 populos,
680 1131 836 1197 urbemque
847 1128 933 1179 Latini

222 1200 260 1250 Et
269 1213 324 1265 quo
335 1200 559 1265 quemquemodo
567 1197 933 1267 fugiatqueferatquelahore

258 1265 329 1320 Sunt
339 1269 466 1335 geminae
476 1266 573 1320 Somni
582 1275 692 1334 portaez
708 1265 919 1335 quarumdam

343 1338 345 1343 ’
642 1337 738 1388 &rtur

166 1403 215 1468 895
225 1404 346 1468 Gornea;
361 1419 416 1472 qua
425 1407 497 1455 veris
508 1405 599 1456 facilis
609 1407 692 1458 datur
702 1407 795 1456 exitus
805 1404 916 1457 umarus

203 1474 320 1533 [ultera
330 1474 458 1525 candenti
470 1474 595 1540 perfecta
604 1476 695 1526 nitens
706 1473 870 1542 elephant03

225 1541 281 1594 Sed
293 1541 364 1594 falsa
374 1542 409 1593 ad
421 1545 529 1595 coelum
540 1546 655 1594 mittunt
665 1546 808 1594 insomnia
816 1545 913 1595 Manes.

155 1662 158 1666 ,
224 1611 277 1663 His
288 1611 334 1663 ubi
344 1617 403 1661 tum
413 1618 509 1663 natum
519 1612 651 1666 Anchises
661 1627 773 1679 unaque
783 1612 916 1680 Sibyllam·
930 1620 933 1673 j

225 1679 407 1748 Prosequitur·
418 1682 511 1744 dictis,
523 1687 658 1749 portaque
670 1683 773 1732 emittit
785 1684 897 1735 eburna:
907 1687 926 1709 ¹¹

166 1767 216 1818 qco
224 1746 276 1803 llle
286 1750 357 1800 riam
368 1755 444 1801 secat
454 1751 489 1801 ad
500 1765 595 1812 naves,
607 1752 752 1818 sociosque
763 1753 870 1815 revisit3

225 1817 298 1868 'l'um
308 1834 337 1869 se
348 1820 383 1869 ad
394 1820 505 1870 Caietae
515 1825 591 1871 recto
604 1820 659 1872 fert
669 1820 758 1871 limite
769 1827 885 1886 portum.

224 1887 332 1940 Ancora
344 1888 378 1938 de
388 1901 473 1952 prora
482 1889 598 1952 iacitur3
612 1894 688 1940 stant
698 1889 783 1941 litore
793 1902 895 1960 puppes
