1882 3052
230 156 284 213 eo
385 150 622 208 emnermr
643 104 838 207 unnoms

229 263 286 314 Aut
295 257 436 326 Phrygiae
446 271 569 326 campos:
580 272 654 308 nunc
663 255 732 308 belli
741 256 804 307 linis
815 257 845 307 et
853 267 884 306 ae

228 328 504 384 llisdabiturtcrris.
540 326 652 380 Vesano
662 326 733 376 talia
742 325 801 376 late

230 396 315 451 Dic'ta
323 397 418 450 volunt
427 396 534 464 Ligeri:
546 397 596 448 sed
605 411 663 448 non
672 401 701 448 et
708 396 814 446 Troius
824 390 884 446 her<

172 459 884 534 685Dictaparntcontre3iaculumnamtorquetinl

230 535 361 603 Lucagus
371 541 403 587 ut
413 549 517 601 pronus
526 535 649 602 pendens
658 536 687 586 in
695 534 815 585 verbera
823 531 883 584 telo

231 605 383 658 Admonuit
392 605 519 672 biiugos,
527 606 651 670 proiecto
664 604 729 654 dum
739 601 812 669 pede
823 601 884 652 laev

231 675 318 740 Aptat
327 688 357 724 se
366 688 489 741 pugnae:
500 671 647 726 subitores
658 672 740 725 hasta
749 685 800 738 per
811 671 883 722 imas

231 742 376 809 Fulgentis
386 743 483 809 clipei,
493 747 552 794 tum
564 744 673 796 laevum
684 740 813 807 perforat
821 739 884 804 ingu

173 815 223 883 590
231 812 371 863 Excussus
382 826 467 862 curru
477 812 659 864 moribundus
669 809 794 861 volvitur
805 808 884 858 arris¹

230 880 320 941 Quem
329 882 391 947 pius
400 881 508 933 Aeneas
519 880 599 931 dictis
610 877 714 931 affatur
725 879 843 928 amarias

230 948 357 1015 Lucage,
367 949 447 1000 nulla
455 954 520 1001 tuos
531 964 630 1001 currus
641 948 708 1016 fuga
717 949 812 1013 segnis
823 959 884 1012 equ:

231 1017 371 1082 Prodidit,
380 1023 430 1069 aut
439 1033 527 1071 vanae
537 1022 647 1070 vertere
658 1032 693 1068 cx
703 1015 832 1067 hostibus
842 1029 884 1064 un

230 1087 293 1153 lpse
304 1089 374 1138 rotis
382 1087 486 1138 saliens
495 1089 562 1154 iuga
572 1087 687 1138 deseris.
723 1082 884 1136 Haecitafr

172 1155 483 1226 595Arripuitbiiugos.
520 1155 621 1206 Frater
630 1154 764 1207 tendebat
774 1155 884 1206 inerme

231 1223 333 1278 Infelix
342 1223 461 1291 palmas,
473 1238 558 1275 curru
569 1223 698 1290 delapsus
709 1224 823 1276 ecdem:

232 1293 286 1345 Per
295 1298 337 1357 te,
347 1309 397 1360 per
406 1293 454 1360 qui
464 1299 493 1344 te
503 1292 588 1344 talem
599 1308 721 1360 genuere
731 1297 875 1360 parentes,

232 1363 285 1415 Vir
296 1364 427 1426 Troiane,
441 1363 501 1414 sine
512 1359 584 1416 hane
594 1364 729 1424 enimam,
745 1367 775 1414 et
785 1363 884 1414 misere

232 1501 364 1553 Pluribus
374 1501 465 1552 oranti
476 1437 762 1552 neheschaddntdda
773 1499 884 1552 dudum

172 1571 222 1622 boo
231 1568 317 1622 Dicta
328 1570 420 1621 dabas.
439 1570 561 1632 Morere,
572 1575 601 1621 et
611 1569 728 1622 fratrem
738 1586 775 1621 ne
787 1570 884 1623 desere

230 1639 318 1702 Tum,
328 1638 450 1691 latebras
461 1641 583 1701 animae,
594 1644 690 1704 pectus
701 1654 838 1692 mucrone
848 1655 884 1692 ro

231 1708 314 1759 'Pelia
323 1723 373 1774 per
384 1723 496 1775 campos
507 1708 608 1760 edebat
618 1708 718 1760 funera
728 1709 832 1759 ductor

230 1776 404 1840 Dardanius,
415 1779 548 1829 torrentis
558 1793 646 1845 aquae
657 1777 702 1829 vel
712 1778 836 1828 turbinis
846 1782 884 1828 atr

230 1845 313 1899 More
324 1845 429 1900 furens.
461 1848 586 1899 Tandem
598 1852 754 1912 erumpunt,
765 1852 796 1899 et
805 1852 884 1899 castr

190 1933 193 1941 ’
645 1920 734 1984 quunt

171 1985 220 2038 605
232 1986 365 2036 Ascanius
376 1999 447 2052 puer
458 1990 486 2036 et
497 1985 683 2053 nequidquam
694 1987 807 2038 obsessa
817 1987 885 2038 iure

266 2054 400 2104 lunonem
414 2056 523 2105 interea
533 2055 684 2121 compellat
693 2056 801 2121 Iupiter
810 2057 884 2107 ultre

232 2124 255 2173 0
265 2137 399 2189 germana
409 2120 476 2172 mihi
487 2129 570 2190 atque
582 2125 680 2176 eadem
690 2126 853 2191 gratissima
864 2142 884 2178 οι

230 2190 268 2242 Vt
277 2192 390 2254 rebare,
400 2190 491 2242 Venus
502 2195 602 2254 (necte
613 2195 752 2246 sententia
768 2194 855 2259 fallit)

230 2261 366 2312 Troianas
377 2265 517 2312 sustentat
527 2276 606 2328 opes:
618 2279 673 2314 non
683 2264 774 2314 vivida
784 2264 863 2316 bello

172 2333 221 2384 διο
230 2329 339 2383 Dextra
347 2330 423 2392 viris,
433 2332 597 2397 animusque
609 2331 696 2396 ferora,
707 2335 876 2403 patiensque

231 2401 282 2453 Cui
293 2402 361 2452 luno
372 2401 520 2451 submissu:
532 2400 618 2464 Quid,
630 2417 647 2452 o
658 2400 850 2469 pulcherrime
862 2421 884 2457 cs

231 2470 373 2521 Sollicitas
383 2485 496 2537 aegram
507 2477 536 2521 et
546 2477 596 2521 tue
606 2473 699 2523 tristia
711 2473 785 2529 dicta
796 2477 884 2527 timen

224 2538 260 2590 «Si
272 2538 351 2604 mihi,
363 2555 433 2608 quae
445 2540 701 2662 quondam'fueralt)‚
722 2557 884 2611 quamques

643 2627 673 2663 ce
694 2617 731 2674 at,

83 2692 119 2876 ἱ
233 2677 884 2754 l'isinamorelorctlnonhocmihinamqucn
