1882 3052
225 124 234 135 ⁸
259 163 643 221 sermomonem.
785 168 837 223 oro

63 263 103 315 b't
113 263 241 330 primum
253 262 355 331 placati
366 269 460 330 animi,
470 273 499 320 et
509 270 622 336 trepida
632 286 683 324 ora
694 270 834 340 quierunt,
845 269 895 320 500

65 331 218 384 Pruefatus
230 333 307 385 divos
315 336 387 386 solio
397 351 448 387 rex
457 338 519 389 iniit
528 338 563 390 eb
573 340 644 390 alto:

99 404 174 454 ,tute
186 403 317 471 equidem
326 419 435 456 summa
444 404 479 458 de
489 422 521 460 re
531 410 675 471 statuisse,
685 408 789 472 Latini,

67 472 103 523 Et
111 471 233 535 veliem,
244 478 273 524 et
284 471 379 525 fuerat
387 474 501 539 melius3
516 490 572 527 non
581 484 706 545 tempore
715 478 767 529 tali

69 541 178 607 Cogere
189 542 354 606 concilium,
367 558 451 610 quum
463 559 558 596 muros
568 548 673 600 assidet
683 546 779 597 bostis.

10 621 14 665 ·;
69 609 182 661 Belium
192 611 495 677 importunum,cires‚
505 630 567 666 cum
579 621 662 683 gente
671 617 796 677 deorum,
842 608 893 662 505

68 678 238 747 intimisque
248 680 329 743 viris,
340 682 475 749 gerimus:
491 698 560 750 quos
571 684 650 736 nulla
659 684 780 752 fatigant

69 745 195 810 Proelia,
205 762 259 799 nec
268 750 334 801 ricti
343 758 463 817 possunt
473 751 609 805 absistere
619 753 704 806 ferro.

71 812 160 883 Spem,
171 818 196 866 si
208 831 292 884 quam
303 819 548 872 adscitisdetoldm
558 821 694 873 habuistis
704 822 731 872 in
738 821 831 885 armis,

71 882 179 939 Ponite:
193 900 261 954 spes
269 887 321 940 sibi
332 890 456 958 quisque.
477 889 532 942 Sed
543 888 624 1009 hqiec,
640 906 723 959 quam
736 910 825 963 angn-

472 960 566 1022 stu‚ri
587 961 648 1010 etis.

72 1023 168 1078 Cetera
177 1038 236 1094 qua
245 1040 340 1078 rerum
350 1028 460 1081 iaceant
469 1027 598 1095 percu-lea
608 1028 700 1091 ruina,
840 1022 892 1074 510

10 1118 13 1129 ·
69 1094 132 1148 dote
144 1094 249 1147 oculos
259 1096 386 1164 interque
396 1113 494 1149 monus
503 1101 570 1149 sunt
580 1099 673 1149 omnio
681 1101 796 1149 vestras.

62 1160 118 1218 d'ec
129 1179 306 1233 quemquam
315 1169 420 1218 incuso.
431 1166 526 1220 Potuit
536 1182 607 1234 quae
616 1166 831 1234 plurimavirtus

68 1228 144 1297 desc,
158 1233 226 1285 mit.
244 1235 319 1285 Toto
330 1241 468 1287 certatum
478 1241 520 1288 est
531 1251 648 1302 corpore
659 1236 748 1303 regni.

10 1304 16 1334 ²
66 1299 144 1356 Nunc
157 1302 248 1366 adeo,
260 1318 330 1371 quae
341 1306 378 1355 sit
388 1305 489 1358 dubiae
499 1308 639 1358 sententio
647 1304 744 1367 menti,

10 1368 36 1401 Γ
63 1366 239 1441 Expediam,
250 1378 279 1423 et
289 1374 384 1438 paucis
394 1377 512 1437 (animos
523 1374 665 1437 adhibete)
675 1370 790 1425 docebo.
840 1364 891 1418 315

60 1436 107 1495 list
115 1441 263 1508 antiquus
274 1456 341 1508 ager
352 1444 446 1495 Tusco
456 1442 525 1494 mibi
534 1445 679 1511 proximus
689 1442 773 1505 anmi,

10 1508 22 1581 j-·
54 1504 195 1580 Longus,
207 1510 236 1559 in
249 1524 390 1575 occasum,
401 1514 471 1564 iines
481 1528 566 1579 super
576 1527 664 1581 usque
675 1510 803 1574 Sicanos3

51 1580 189 1635 durunci
200 1578 353 1647 Rutulique
364 1586 473 1644 serunt,
484 1586 513 1633 et
522 1597 633 1634 vomere
643 1582 729 1633 duros

10 1660 14 1674 '
48 1644 209 1705 Exercent
218 1647 316 1711 colles,
327 1655 410 1716 atque
421 1649 521 1701 borum
532 1652 685 1717 asperrimo
694 1652 820 1716 pascunt

44 1716 139 1775 Haec
150 1718 248 1770 omnis
258 1718 348 1784 regio,
360 1723 390 1769 et
401 1718 469 1770 celsi
480 1720 564 1786 plaga
574 1722 657 1784 pinea
666 1720 768 1769 montis
839 1709 890 1765 520

45 1790 151 1845 cedat
161 1787 306 1839 enricitiae
315 1788 503 1850 Teucrorum
519 1793 547 1837 et
557 1786 677 1839 foederis
688 1798 791 1853 aequus

45 1855 203 1913 Dicamus
213 1857 458 1924 leges,sociosque
467 1857 496 1906 in
506 1871 594 1922 regna
602 1869 747 1916 recemum

46 1926 235 1987 considant,
246 1926 269 1975 si
278 1930 373 1977 tentus
385 1939 477 1988 amor,
487 1930 517 1976 et
527 1926 637 1976 moenie
648 1922 776 1976 condunt.

46 1994 104 2051 Sin
116 1994 199 2047 alios
208 1995 278 2044 {ines
288 1994 426 2063 aliamque
436 2008 582 2060 capessere
592 1988 703 2061 gentem

44 2066 107 2119 Est
119 2063 253 2125 animus,
264 2068 434 2131 poscuntque
445 2064 505 2114 solo
515 2062 652 2114 decedere
662 2064 771 2111 nostro:
838 2056 889 2109 325

45 2136 106 2187 Bis
118 2134 215 2185 denes
224 2131 298 2185 Italo
310 2136 437 2183 texamus
447 2134 550 2185 robore
560 2146 653 2194 naves,

50 2204 116 2256 Seu
127 2202 231 2269 plures
241 2199 383 2267 complere
393 2201 499 2252 volent:
509 2200 678 2252 iacotomnis
685 2195 829 2250 adundant

55 2272 219 2333 Materies3
232 2271 288 2337 ipsi
296 2284 497 2337 numerumque
507 2270 675 2336 modumque
685 2267 786 2318 carinis

57 2340 258 2407 l‘raecipiant3
272 2354 323 2390 nos
334 2352 413 2400 sera,
424 2353 535 2402 neonus,
545 2338 656 2389 navalia
666 2336 771 2387 domos.

60 2410 289 2476 Praeterea,qui
301 2408 376 2459 dicto
386 2406 491 2471 ferant,
501 2415 530 2460 et
540 2407 654 2458 foedera
664 2406 782 2463 firment,
838 2401 888 2455 330

64 2480 188 2533 eentum
198 2482 327 2529 oratores
337 2478 427 2544 prima
437 2477 470 2527 de
481 2481 562 2543 gente
573 2475 690 2528 Latinos

65 2550 111 2602 ire
121 2549 230 2616 placet,
239 2548 370 2614 pacisque
379 2560 463 2596 manu
473 2543 657 2610 praetendere
667 2553 774 2601 ramos3

69 2619 188 2670 Munere
193 2620 343 2680 portantes
352 2615 472 2680 aurique
484 2611 634 2681 eborisque
642 2608 754 2662 taienta

57 2682 201 2732 Ersellam
208 2682 293 2748 regns·
303 2683 493 2753 trabeamque
502 2682 637 2755 insignia
644 2681 751 2738 rostri.
