1882 3052
182 180 215 234 m
338 179 367 238 a
386 177 570 233 isiacum
589 149 779 251 susurronis

310 326 554 396 DAPHNIS.
589 336 755 390 reuoca
779 337 810 390 v.
842 384 843 387 a

228 445 581 498 rimaberis.
631 444 888 498 MOPSUS.

480 543 649 557 *ιιι-

65 643 70 652 ’
179 621 237 672 bic.
250 585 321 671 Cur
335 633 404 681 non,
418 616 531 684 Mopse,
544 617 610 668 boni
621 617 749 736 qgnniarn
761 618 905 668 ccnvcuim
933 639 941 663 ;Ἰ

594 701 638 737 am
659 701 684 747 0,

180 758 224 815 'lu
234 755 356 809 calamos
365 754 465 808 inllarc
476 753 564 820 leves,
575 769 626 822 ego
639 754 731 806 dicere
741 767 846 816 versus,

179 827 235 879 llic
245 825 348 877 cerulis
358 827 458 876 mixtas
467 826 541 876 inter
550 823 719 877 concidimus
730 823 836 874 ulmos'l

170 891 940 960 ·M0.Tumaior;tibimeestnequumparerc‚Meualca:

154 969 170 1021 5
180 964 242 1016 Sive
253 965 303 1015 sub
313 965 435 1016 incertas
446 961 582 1031 Zephyris
593 962 762 1018 arctantibus
773 962 895 1022 umbras,

179 1033 242 1086 Sive
253 1038 334 1084 antro
345 1033 437 1099 potius
447 1032 630 1084 succedimus.
646 1018 772 1097 Adspice,
782 1035 815 1082 ut
824 1036 940 1092 autrum

96 1153 100 1156 .
160 1148 172 1153 -
179 1101 320 1154 Silvestris
331 1103 403 1152 raris
413 1103 516 1169 sparsit
526 1101 655 1152 labrusca
664 1101 791 1152 racemis.

177 1172 236 1222 Mu.
247 1171 390 1223 Montibus
399 1172 429 1221 in
438 1171 541 1222 nostris
552 1170 628 1221 solus
637 1170 688 1221 tibi
699 1170 940 1235 certetAmyntas

131 1263 133 1266 ·
178 1239 236 1291 Μο.
249 1239 336 1302 Quid,
351 1241 374 1290 si
385 1239 458 1293 idem
471 1243 560 1292 certet
568 1237 711 1359 Phoegum
722 1252 855 1305 superare
866 1253 912 1289 ca,

592 1324 645 1361 nen
666 1322 698 1358 o.

140 1398 169 1432 io
179 1377 236 1429 Mu.
248 1378 355 1445 Incipe,
369 1376 482 1445 Mopse,
497 1379 586 1445 prior:
601 1379 624 1428 si
637 1392 705 1445 quos
717 1382 766 1428 sut
776 1375 919 1444 Phyllidis

591 1462 678 1515 ignes,
785 1489 788 1495 .

177 1517 232 1568 Aut
241 1516 352 1568 Alconis
362 1515 447 1568 habes
457 1514 569 1578 laudes,
582 1523 631 1568 nsit
641 1517 731 1584 iurgia
743 1515 834 1567 Codri.

177 1585 282 1653 Incipc;
297 1591 442 1653 pascentes
453 1587 575 1638 servabit
584 1587 700 1652 Tityrus
711 1584 825 1637 haedos.

69 1674 86 1691 J
177 1655 236 1706 Mo.
247 1656 304 1707 lmo
315 1654 396 1717 haec,
407 1654 434 1705 in
445 1655 527 1706 viridi
539 1670 626 1721 nuper
636 1669 707 1722 quae
719 1655 823 1707 cortice
834 1653 892 1722 fagi

122 1721 133 1727 ’
178 1724 309 1778 Carmina
319 1724 451 1790 descripsi
463 1729 492 1776 et
502 1724 649 1775 modulans
660 1723 883 1786 alternantium,

139 1789 169 1841 15
178 1793 321 1858 Experiar·
341 1794 385 1842 Tu
396 1792 495 1844 deinde
505 1793 600 1844 iubeto
611 1797 700 1845 certet
709 1794 854 1859 Amyntas.

176 1861 235 1912 Mu.
246 1859 337 1912 Lenta
347 1860 416 1910 salix
428 1868 561 1928 quantum
572 1862 687 1929 pallenti
699 1862 774 1916 cedit
784 1862 882 1926 olivae,

176 1930 305 1983 Puniccis
316 1928 429 1980 humilis
440 1935 573 1997 quantum
585 1933 709 1983 saliunca
718 1934 831 1983 rosetis:

115 2055 122 2075 ι
176 1999 283 2050 Iudicio
294 2004 390 2051 nostro
400 2003 509 2050 tantum
518 2001 569 2053 tibi
579 2001 654 2053 cedit
662 2002 805 2067 Amyntas.

177 2067 234 2118 Mo.
247 2067 301 2120 Sed
311 2073 341 2117 tu
353 2068 447 2120 desine
458 2068 547 2135 plura,
557 2085 639 2137 puer-3
650 2073 832 2123 successimus
844 2078 937 2126 antro.

20 2140 34 2152 ·
136 2148 170 2186 ao
213 2138 386 2188 Exstinctum
397 2136 541 2207 Nymphae
551 2139 656 2191 crudeli
668 2138 766 2192 sunere
776 2139 911 2207 Daphnin

100 2240 104 2244 -
178 2205 307 2258 Flebant:
321 2220 370 2256 vos
381 2206 469 2258 coruli
481 2212 567 2259 testes
578 2213 607 2260 ct
616 2207 732 2260 flumina
742 2208 892 2276 Nymphis:

177 2275 277 2338 Quum,
289 2275 434 2342 complexa
444 2279 487 2327 sui
497 2291 597 2343 corpus
608 2279 766 2330 miserabile
776 2282 864 2346 gnati,

177 2345 265 2410 Atque
277 2344 436 2412 deceatque
447 2351 524 2397 astra
533 2351 615 2398 vocat
624 2347 750 2400 crudelia
761 2354 860 2400 maten.

178 2411 239 2463 Non
251 2413 302 2464 ulli
313 2418 407 2480 pastos
416 2414 474 2466 illis
485 2429 569 2482 cgere
579 2415 675 2468 diebus

135 2479 168 2534 ab
178 2480 304 2550 Frigida,
321 2482 444 2550 Daphni,
459 2485 542 2537 boves
552 2484 587 2537 ad
599 2483 726 2550 flumina3
742 2485 925 2557 millenaque

592 2569 703 2607 amnem

162 2618 282 2673 Libcrit
291 2622 471 2694 quadrupes,
481 2639 533 2679 uec
544 2625 679 2694 graminis
687 2623 915 2692 attigitberbarn.

152 2684 292 2757 Daphni,
307 2703 392 2751 tuum
405 2697 521 2754 Poenos
532 2692 913 2766 ellamiugcmuisssleuuas

294 2784 313 2809 'l
